{
  "Unknown": {
    "rank": "87",
    "playlistname": "Unknown",
    "noofsongs": "Street Therapy",
    "curator": "THEO-LV PRODUCTION",
    "listeners": "126",
    "streams": "212",
    "date": "Aug 5, 2021",
    "revenue": 1.27
  },
  "Best TikTok Viral Songs 2021 \u26a1\ufe0f": {
    "rank": "2",
    "playlistname": "Best TikTok Viral Songs 2021 \u26a1\ufe0f",
    "noofsongs": "4 songs",
    "curator": "BOXOY",
    "listeners": "29,559",
    "streams": "55,669",
    "date": "Oct 29, 2021",
    "revenue": 334.01
  },
  "Best New Artist 2021": {
    "rank": "3",
    "playlistname": "Best New Artist 2021",
    "noofsongs": "2 songs",
    "curator": "HELLO",
    "listeners": "15,855",
    "streams": "35,853",
    "date": "\u2014",
    "revenue": 215.12
  },
  "Chill/Vibes\ud83e\udd19\ud83c\udffd\ud83e\udd1f\ud83c\udffd": {
    "rank": "4",
    "playlistname": "Chill/Vibes\ud83e\udd19\ud83c\udffd\ud83e\udd1f\ud83c\udffd",
    "noofsongs": "4 songs",
    "curator": "FionnMc2003",
    "listeners": "11,621",
    "streams": "33,449",
    "date": "Sep 12, 2021",
    "revenue": 200.69
  },
  "GYM MODO BESTIA \ud83d\udcaa\ud83c\udffb": {
    "rank": "5",
    "playlistname": "GYM MODO BESTIA \ud83d\udcaa\ud83c\udffb",
    "noofsongs": "Street Therapy",
    "curator": "Bernardo Reynoso",
    "listeners": "21,658",
    "streams": "31,896",
    "date": "Aug 3, 2021",
    "revenue": 191.38
  },
  "Rap Gold": {
    "rank": "6",
    "playlistname": "Rap Gold",
    "noofsongs": "4 songs",
    "curator": "Marc",
    "listeners": "5,818",
    "streams": "26,535",
    "date": "Oct 11, 2021",
    "revenue": 159.21
  },
  "Straight Fire": {
    "rank": "7",
    "playlistname": "Straight Fire",
    "noofsongs": "Street Therapy",
    "curator": "Hello",
    "listeners": "14,039",
    "streams": "21,305",
    "date": "\u2014",
    "revenue": 127.83
  },
  "R&B 2000s Greatest hits": {
    "rank": "8",
    "playlistname": "R&B 2000s Greatest hits",
    "noofsongs": "4 songs",
    "curator": "Lars-Erik Lorentsen",
    "listeners": "8,137",
    "streams": "18,390",
    "date": "\u2014",
    "revenue": 110.34
  },
  "Old School RnB, 90s, 2000s R&B": {
    "rank": "9",
    "playlistname": "Old School RnB, 90s, 2000s R&B",
    "noofsongs": "2 songs",
    "curator": "karolrodis",
    "listeners": "11,228",
    "streams": "18,166",
    "date": "Sep 30, 2021",
    "revenue": 109.0
  },
  "Ami Rap 2021\ud83e\udd76\ud83d\udd25": {
    "rank": "10",
    "playlistname": "Ami Rap 2021\ud83e\udd76\ud83d\udd25",
    "noofsongs": "5 songs",
    "curator": "IG: nilss.hsm",
    "listeners": "4,385",
    "streams": "17,945",
    "date": "Sep 30, 2021",
    "revenue": 107.67
  },
  "All New Trap Music": {
    "rank": "11",
    "playlistname": "All New Trap Music",
    "noofsongs": "Goldie",
    "curator": "HELLO",
    "listeners": "10,347",
    "streams": "15,942",
    "date": "\u2014",
    "revenue": 95.65
  },
  "Eclectic Vibes": {
    "rank": "12",
    "playlistname": "Eclectic Vibes",
    "noofsongs": "2 songs",
    "curator": "LM Staff",
    "listeners": "563",
    "streams": "15,506",
    "date": "Oct 19, 2021",
    "revenue": 93.04
  },
  "RnB & HipHop Vibes 2021": {
    "rank": "13",
    "playlistname": "RnB & HipHop Vibes 2021",
    "noofsongs": "6 songs",
    "curator": "Janik Schmidt",
    "listeners": "4,178",
    "streams": "15,476",
    "date": "Jul 11, 2021",
    "revenue": 92.86
  },
  "RAP EN INGL\u00c9S ": {
    "rank": "14",
    "playlistname": "RAP EN INGL\u00c9S ",
    "noofsongs": "4 songs",
    "curator": "Tomas Paoli",
    "listeners": "6,347",
    "streams": "15,402",
    "date": "Jul 8, 2021",
    "revenue": 92.41
  },
  "Throwback Bangers \ud83d\udd25\ud83d\udd25\ud83d\udd25": {
    "rank": "15",
    "playlistname": "Throwback Bangers \ud83d\udd25\ud83d\udd25\ud83d\udd25",
    "noofsongs": "2 songs",
    "curator": "chris.simpson99",
    "listeners": "8,533",
    "streams": "13,460",
    "date": "Oct 16, 2021",
    "revenue": 80.76
  },
  "Trap en Ingl\u00e9s": {
    "rank": "16",
    "playlistname": "Trap en Ingl\u00e9s",
    "noofsongs": "5 songs",
    "curator": "Ger\u00f3nimo Talam\u00e1s",
    "listeners": "4,461",
    "streams": "12,236",
    "date": "\u2014",
    "revenue": 73.42
  },
  "Chill rap vibes": {
    "rank": "17",
    "playlistname": "Chill rap vibes",
    "noofsongs": "5 songs",
    "curator": "Chill list",
    "listeners": "4,317",
    "streams": "9,539",
    "date": "Sep 25, 2021",
    "revenue": 57.23
  },
  "SMASH PRS\ud83d\udd31": {
    "rank": "18",
    "playlistname": "SMASH PRS\ud83d\udd31",
    "noofsongs": "3 songs",
    "curator": "Whupzy",
    "listeners": "2,863",
    "streams": "9,345",
    "date": "Jul 1, 2021",
    "revenue": 56.07
  },
  "Radio Hits 2010-2021": {
    "rank": "19",
    "playlistname": "Radio Hits 2010-2021",
    "noofsongs": "4 songs",
    "curator": "Sherly Madrid",
    "listeners": "3,694",
    "streams": "9,238",
    "date": "Sep 29, 2021",
    "revenue": 55.43
  },
  "They Got Amnesia - French Montana ": {
    "rank": "20",
    "playlistname": "They Got Amnesia - French Montana ",
    "noofsongs": "2 songs",
    "curator": "Prima Music",
    "listeners": "4,825",
    "streams": "8,560",
    "date": "Jul 23, 2021",
    "revenue": 51.36
  },
  "Black Antigos (S\u00d3 REL\u00cdQUIA)": {
    "rank": "21",
    "playlistname": "Black Antigos (S\u00d3 REL\u00cdQUIA)",
    "noofsongs": "10 songs",
    "curator": "Fabio92ti",
    "listeners": "2,888",
    "streams": "8,442",
    "date": "Aug 7, 2021",
    "revenue": 50.65
  },
  "GYM RAP 2021": {
    "rank": "22",
    "playlistname": "GYM RAP 2021",
    "noofsongs": "4 songs",
    "curator": "Attack The Zoo",
    "listeners": "3,150",
    "streams": "8,224",
    "date": "Nov 2, 2021",
    "revenue": 49.34
  },
  "NBA 2K22 Soundtrack": {
    "rank": "23",
    "playlistname": "NBA 2K22 Soundtrack",
    "noofsongs": "4 songs",
    "curator": "Lucas Madaschi",
    "listeners": "2,697",
    "streams": "8,015",
    "date": "Oct 17, 2021",
    "revenue": 48.09
  },
  "Underground Kings": {
    "rank": "24",
    "playlistname": "Underground Kings",
    "noofsongs": "2 songs",
    "curator": "Diamond Hands",
    "listeners": "2,773",
    "streams": "7,926",
    "date": "Nov 1, 2021",
    "revenue": 47.56
  },
  "Rap Songs With The Hardest Bass": {
    "rank": "25",
    "playlistname": "Rap Songs With The Hardest Bass",
    "noofsongs": "5 songs",
    "curator": "Parker Koenig",
    "listeners": "2,772",
    "streams": "7,622",
    "date": "Oct 29, 2021",
    "revenue": 45.73
  },
  "Juice WRLD Unreleased - Already Dead - Fighting Demons    ": {
    "rank": "26",
    "playlistname": "Juice WRLD Unreleased - Already Dead - Fighting Demons    ",
    "noofsongs": "3 songs",
    "curator": "Tristan",
    "listeners": "1,709",
    "streams": "7,619",
    "date": "Oct 28, 2021",
    "revenue": 45.71
  },
  "tiktok songs slowed + reverb": {
    "rank": "27",
    "playlistname": "tiktok songs slowed + reverb",
    "noofsongs": "Street Therapy",
    "curator": "Maeve",
    "listeners": "4,639",
    "streams": "7,450",
    "date": "\u2014",
    "revenue": 44.7
  },
  "Hype Gym Bangers": {
    "rank": "28",
    "playlistname": "Hype Gym Bangers",
    "noofsongs": "2 songs",
    "curator": "Camden",
    "listeners": "4,370",
    "streams": "7,369",
    "date": "Oct 26, 2021",
    "revenue": 44.21
  },
  "Rap US (Lourd)": {
    "rank": "29",
    "playlistname": "Rap US (Lourd)",
    "noofsongs": "4 songs",
    "curator": "Valxx",
    "listeners": "1,988",
    "streams": "6,618",
    "date": "Sep 28, 2021",
    "revenue": 39.71
  },
  "\ud83d\udd25\ud83c\udfc0HYPE Basketball warmup list": {
    "rank": "30",
    "playlistname": "\ud83d\udd25\ud83c\udfc0HYPE Basketball warmup list",
    "noofsongs": "4 songs",
    "curator": "Nikolaj Klinge",
    "listeners": "3,310",
    "streams": "6,487",
    "date": "Jul 12, 2021",
    "revenue": 38.92
  },
  "TRAP ARGENTINO 2021 \ud83d\udd25": {
    "rank": "31",
    "playlistname": "TRAP ARGENTINO 2021 \ud83d\udd25",
    "noofsongs": "2 songs",
    "curator": "LatinHits",
    "listeners": "3,255",
    "streams": "6,024",
    "date": "Nov 5, 2021",
    "revenue": 36.14
  },
  "Happy Upbeat Vibes": {
    "rank": "32",
    "playlistname": "Happy Upbeat Vibes",
    "noofsongs": "2 songs",
    "curator": "Amaris Valenca",
    "listeners": "3,587",
    "streams": "5,385",
    "date": "Oct 29, 2021",
    "revenue": 32.31
  },
  "if i feel lonely:)": {
    "rank": "33",
    "playlistname": "if i feel lonely:)",
    "noofsongs": "2 songs",
    "curator": "Kikiafr_",
    "listeners": "2,403",
    "streams": "5,378",
    "date": "Nov 1, 2021",
    "revenue": 32.27
  },
  "Bass Boosted 2021 rap car songs \ud83d\udd25\ud83d\udd0a": {
    "rank": "34",
    "playlistname": "Bass Boosted 2021 rap car songs \ud83d\udd25\ud83d\udd0a",
    "noofsongs": "5 songs",
    "curator": "Sergio Chiodaroli",
    "listeners": "1,511",
    "streams": "4,916",
    "date": "Nov 12, 2021",
    "revenue": 29.5
  },
  "BODYBUILDING MOTIVATION": {
    "rank": "35",
    "playlistname": "BODYBUILDING MOTIVATION",
    "noofsongs": "5 songs",
    "curator": "Arne Lindhardt",
    "listeners": "1,169",
    "streams": "4,762",
    "date": "Jul 29, 2021",
    "revenue": 28.57
  },
  "NLE Choppa - Beat Box \u201cFirst Day Out\u201d": {
    "rank": "36",
    "playlistname": "NLE Choppa - Beat Box \u201cFirst Day Out\u201d",
    "noofsongs": "6 songs",
    "curator": "Aaron",
    "listeners": "1,533",
    "streams": "4,728",
    "date": "Jul 9, 2021",
    "revenue": 28.37
  },
  "A Different Christmas - Bryson Tiller": {
    "rank": "37",
    "playlistname": "A Different Christmas - Bryson Tiller",
    "noofsongs": "2 songs",
    "curator": "Prima Music",
    "listeners": "2,074",
    "streams": "4,592",
    "date": "Jul 21, 2021",
    "revenue": 27.55
  },
  "TRAP YANKEE\ud83c\uddfa\ud83c\uddf8": {
    "rank": "38",
    "playlistname": "TRAP YANKEE\ud83c\uddfa\ud83c\uddf8",
    "noofsongs": "4 songs",
    "curator": "@FacuMurilloo",
    "listeners": "1,622",
    "streams": "4,580",
    "date": "Nov 5, 2021",
    "revenue": 27.48
  },
  "Iron Grind": {
    "rank": "39",
    "playlistname": "Iron Grind",
    "noofsongs": "Street Therapy",
    "curator": "Faizan",
    "listeners": "2,250",
    "streams": "4,151",
    "date": "Oct 11, 2021",
    "revenue": 24.91
  },
  "We dry scoop \ud83e\udd76": {
    "rank": "40",
    "playlistname": "We dry scoop \ud83e\udd76",
    "noofsongs": "3 songs",
    "curator": "Whupzy",
    "listeners": "1,326",
    "streams": "4,042",
    "date": "Oct 3, 2021",
    "revenue": 24.25
  },
  "F45 HIITS": {
    "rank": "41",
    "playlistname": "F45 HIITS",
    "noofsongs": "4 songs",
    "curator": "Lily Everest",
    "listeners": "1,604",
    "streams": "4,027",
    "date": "Jul 12, 2021",
    "revenue": 24.16
  },
  "Lo Key Fiya": {
    "rank": "42",
    "playlistname": "Lo Key Fiya",
    "noofsongs": "Street Therapy",
    "curator": "Faizan",
    "listeners": "2,233",
    "streams": "3,970",
    "date": "Oct 11, 2021",
    "revenue": 23.82
  },
  "Blind Fury": {
    "rank": "43",
    "playlistname": "Blind Fury",
    "noofsongs": "Street Therapy",
    "curator": "Faizan",
    "listeners": "2,105",
    "streams": "3,668",
    "date": "Oct 11, 2021",
    "revenue": 22.01
  },
  "Hiphop 90\u2019s": {
    "rank": "44",
    "playlistname": "Hiphop 90\u2019s",
    "noofsongs": "Street Therapy",
    "curator": "HipHop 90's",
    "listeners": "2,595",
    "streams": "3,504",
    "date": "Nov 5, 2021",
    "revenue": 21.02
  },
  "RAP MOTIVATION \ud83d\udcaa\ud83c\udffc 2021 \ud83c\udfcb\ufe0f": {
    "rank": "45",
    "playlistname": "RAP MOTIVATION \ud83d\udcaa\ud83c\udffc 2021 \ud83c\udfcb\ufe0f",
    "noofsongs": "4 songs",
    "curator": "Riki Playlister",
    "listeners": "1,435",
    "streams": "3,442",
    "date": "Nov 3, 2021",
    "revenue": 20.65
  },
  "Grind Time ": {
    "rank": "46",
    "playlistname": "Grind Time ",
    "noofsongs": "Street Therapy",
    "curator": "CameronTurner",
    "listeners": "1,847",
    "streams": "3,252",
    "date": "Oct 10, 2021",
    "revenue": 19.51
  },
  "Beast Mode ": {
    "rank": "47",
    "playlistname": "Beast Mode ",
    "noofsongs": "Street Therapy",
    "curator": "CameronTurner",
    "listeners": "1,837",
    "streams": "3,163",
    "date": "Oct 10, 2021",
    "revenue": 18.98
  },
  "RnB & HIPHOP 2021": {
    "rank": "48",
    "playlistname": "RnB & HIPHOP 2021",
    "noofsongs": "4 songs",
    "curator": "@fynn_gloeckner",
    "listeners": "774",
    "streams": "2,668",
    "date": "Jul 21, 2021",
    "revenue": 16.01
  },
  "MATERIAL GIRL / LORD HAVE MERCY / TWINNEM / NEED TO KNOW  / THOT SH*T": {
    "rank": "49",
    "playlistname": "MATERIAL GIRL / LORD HAVE MERCY / TWINNEM / NEED TO KNOW  / THOT SH*T",
    "noofsongs": "3 songs",
    "curator": "@t3entytan",
    "listeners": "1,290",
    "streams": "2,657",
    "date": "Oct 16, 2021",
    "revenue": 15.94
  },
  "New Hits 2021": {
    "rank": "50",
    "playlistname": "New Hits 2021",
    "noofsongs": "Street Therapy",
    "curator": "Diamond Hands",
    "listeners": "1,290",
    "streams": "2,244",
    "date": "\u2014",
    "revenue": 13.46
  },
  "ULTIMATE GYM RAP 2021 \ud83d\udcaa\ud83c\udffc": {
    "rank": "51",
    "playlistname": "ULTIMATE GYM RAP 2021 \ud83d\udcaa\ud83c\udffc",
    "noofsongs": "Street Therapy",
    "curator": "Andrew Zarrella",
    "listeners": "1,846",
    "streams": "2,157",
    "date": "Nov 2, 2021",
    "revenue": 12.94
  },
  "Party songs every one should know": {
    "rank": "52",
    "playlistname": "Party songs every one should know",
    "noofsongs": "Goldie",
    "curator": "emmawenger",
    "listeners": "1,836",
    "streams": "2,148",
    "date": "Oct 30, 2021",
    "revenue": 12.89
  },
  "TikTok Songs 2021\ud83e\udd8b | from tha back x miss the rage remix mashup tik | love nwantiti tiktok version": {
    "rank": "53",
    "playlistname": "TikTok Songs 2021\ud83e\udd8b | from tha back x miss the rage remix mashup tik | love nwantiti tiktok version",
    "noofsongs": "Street Therapy",
    "curator": "Maeve",
    "listeners": "1,443",
    "streams": "1,924",
    "date": "\u2014",
    "revenue": 11.54
  },
  "Demon Mode ": {
    "rank": "54",
    "playlistname": "Demon Mode ",
    "noofsongs": "Street Therapy",
    "curator": "Nethmin",
    "listeners": "1,266",
    "streams": "1,779",
    "date": "Oct 28, 2021",
    "revenue": 10.67
  },
  "tiktok songs november 2021": {
    "rank": "55",
    "playlistname": "tiktok songs november 2021",
    "noofsongs": "Street Therapy",
    "curator": "Maeve",
    "listeners": "1,314",
    "streams": "1,643",
    "date": "\u2014",
    "revenue": 9.86
  },
  "VIRAL RAP": {
    "rank": "56",
    "playlistname": "VIRAL RAP",
    "noofsongs": "Street Therapy",
    "curator": "AUX GOD",
    "listeners": "1,306",
    "streams": "1,617",
    "date": "Oct 17, 2021",
    "revenue": 9.7
  },
  "best\u2728indie\u2728songs": {
    "rank": "57",
    "playlistname": "best\u2728indie\u2728songs",
    "noofsongs": "Goldie",
    "curator": "clara siberg",
    "listeners": "1,103",
    "streams": "1,463",
    "date": "Oct 29, 2021",
    "revenue": 8.78
  },
  "INTERNET GEMS": {
    "rank": "58",
    "playlistname": "INTERNET GEMS",
    "noofsongs": "Street Therapy",
    "curator": "Happy Genius",
    "listeners": "1,188",
    "streams": "1,455",
    "date": "Oct 26, 2021",
    "revenue": 8.73
  },
  "VANO 3000 [adult swim]": {
    "rank": "59",
    "playlistname": "VANO 3000 [adult swim]",
    "noofsongs": "Goldie",
    "curator": "sarah smorholm",
    "listeners": "729",
    "streams": "1,334",
    "date": "Oct 15, 2021",
    "revenue": 8.0
  },
  "Late night drives\ud83d\ude34\ud83c\udf03": {
    "rank": "60",
    "playlistname": "Late night drives\ud83d\ude34\ud83c\udf03",
    "noofsongs": "Goldie",
    "curator": "braylawrencej5",
    "listeners": "986",
    "streams": "1,220",
    "date": "Oct 31, 2021",
    "revenue": 7.32
  },
  "Depressed :)": {
    "rank": "61",
    "playlistname": "Depressed :)",
    "noofsongs": "Goldie",
    "curator": "Rene",
    "listeners": "627",
    "streams": "1,087",
    "date": "\u2014",
    "revenue": 6.52
  },
  "Tiktok Songs 2021\ud83d\udcab | eat your vegetables mashup | watermelon sugar seaside | playdate build a bitch": {
    "rank": "62",
    "playlistname": "Tiktok Songs 2021\ud83d\udcab | eat your vegetables mashup | watermelon sugar seaside | playdate build a bitch",
    "noofsongs": "Street Therapy",
    "curator": "Maeve",
    "listeners": "691",
    "streams": "854",
    "date": "\u2014",
    "revenue": 5.12
  },
  "Drill Zone": {
    "rank": "63",
    "playlistname": "Drill Zone",
    "noofsongs": "What Can You Say",
    "curator": "Music Trap Italy",
    "listeners": "665",
    "streams": "752",
    "date": "Oct 15, 2021",
    "revenue": 4.51
  },
  "Canciones para dormir": {
    "rank": "64",
    "playlistname": "Canciones para dormir",
    "noofsongs": "Goldie",
    "curator": "Francisco Ruiz",
    "listeners": "549",
    "streams": "745",
    "date": "Oct 12, 2021",
    "revenue": 4.47
  },
  "Kanye West - Donda (Deluxe)": {
    "rank": "65",
    "playlistname": "Kanye West - Donda (Deluxe)",
    "noofsongs": "Street Therapy",
    "curator": "Capsule Music",
    "listeners": "536",
    "streams": "733",
    "date": "\u2014",
    "revenue": 4.4
  },
  "TIKTOK HITS | Dj Noiz neon moon remix,Love Nwantiti,Food Dance,Tetema Maluma, Moreart,Meet Me At Our": {
    "rank": "66",
    "playlistname": "TIKTOK HITS | Dj Noiz neon moon remix,Love Nwantiti,Food Dance,Tetema Maluma, Moreart,Meet Me At Our",
    "noofsongs": "Goldie",
    "curator": "AfrobeatsGlobalPlaylists",
    "listeners": "629",
    "streams": "731",
    "date": "Jun 11, 2021",
    "revenue": 4.39
  },
  "HIP HOP / TRAP & DRILL": {
    "rank": "67",
    "playlistname": "HIP HOP / TRAP & DRILL",
    "noofsongs": "Street Therapy",
    "curator": "ATLANTIS 2",
    "listeners": "433",
    "streams": "706",
    "date": "\u2014",
    "revenue": 4.24
  },
  "Astronaut In The Ocean\ud83d\udd25": {
    "rank": "68",
    "playlistname": "Astronaut In The Ocean\ud83d\udd25",
    "noofsongs": "Goldie",
    "curator": "Frank Strudahl Hansen",
    "listeners": "445",
    "streams": "682",
    "date": "Sep 29, 2021",
    "revenue": 4.09
  },
  "BEST HIP-HOP 2021 \ud83d\udd25 ~ Top Rap Bangers ~ Mugatunes": {
    "rank": "69",
    "playlistname": "BEST HIP-HOP 2021 \ud83d\udd25 ~ Top Rap Bangers ~ Mugatunes",
    "noofsongs": "Street Therapy",
    "curator": "mugatunes",
    "listeners": "485",
    "streams": "665",
    "date": "Jun 7, 2021",
    "revenue": 3.99
  },
  "\ud83d\udca5That go crazy playlist \ud83d\udca5": {
    "rank": "70",
    "playlistname": "\ud83d\udca5That go crazy playlist \ud83d\udca5",
    "noofsongs": "Street Therapy",
    "curator": "BhramaBull",
    "listeners": "265",
    "streams": "649",
    "date": "Nov 11, 2021",
    "revenue": 3.89
  },
  "TRAP GRINGO HITS 2021 \ud83e\udd8b": {
    "rank": "71",
    "playlistname": "TRAP GRINGO HITS 2021 \ud83e\udd8b",
    "noofsongs": "Frustrated",
    "curator": "EssePify \ud83c\udfa8",
    "listeners": "462",
    "streams": "588",
    "date": "Jul 14, 2021",
    "revenue": 3.53
  },
  "Hot Hits Global - Today's Top Hits 2021 (Pop Rap & RnB) Top Hits of Todays Music | Top Pop Hits |POP": {
    "rank": "72",
    "playlistname": "Hot Hits Global - Today's Top Hits 2021 (Pop Rap & RnB) Top Hits of Todays Music | Top Pop Hits |POP",
    "noofsongs": "Goldie",
    "curator": "Lux Thugs",
    "listeners": "418",
    "streams": "565",
    "date": "Nov 17, 2021",
    "revenue": 3.39
  },
  "Fortnite Highlights 2021": {
    "rank": "73",
    "playlistname": "Fortnite Highlights 2021",
    "noofsongs": "Street Therapy",
    "curator": "KryyX",
    "listeners": "295",
    "streams": "478",
    "date": "Oct 5, 2021",
    "revenue": 2.87
  },
  "Vibes You Need in Your Rotation \ud83c\udf0a ": {
    "rank": "74",
    "playlistname": "Vibes You Need in Your Rotation \ud83c\udf0a ",
    "noofsongs": "Street Therapy",
    "curator": "Masked Mortal Music",
    "listeners": "347",
    "streams": "449",
    "date": "Nov 3, 2021",
    "revenue": 2.69
  },
  "BhramaBull\u2019s Gryndfest Playlist": {
    "rank": "75",
    "playlistname": "BhramaBull\u2019s Gryndfest Playlist",
    "noofsongs": "Street Therapy",
    "curator": "BhramaBull",
    "listeners": "317",
    "streams": "439",
    "date": "Nov 7, 2021",
    "revenue": 2.63
  },
  "Young Thug - Punk (Album)": {
    "rank": "76",
    "playlistname": "Young Thug - Punk (Album)",
    "noofsongs": "Street Therapy",
    "curator": "Capsule Music",
    "listeners": "224",
    "streams": "417",
    "date": "\u2014",
    "revenue": 2.5
  },
  "Meek Mill - Expensive Pain (Album)": {
    "rank": "77",
    "playlistname": "Meek Mill - Expensive Pain (Album)",
    "noofsongs": "Street Therapy",
    "curator": "Capsule Music",
    "listeners": "228",
    "streams": "409",
    "date": "\u2014",
    "revenue": 2.45
  },
  "Chill Hip Hop - Rap & Hip Hop Music 2021 ": {
    "rank": "78",
    "playlistname": "Chill Hip Hop - Rap & Hip Hop Music 2021 ",
    "noofsongs": "Goldie",
    "curator": "Filet Flows",
    "listeners": "280",
    "streams": "392",
    "date": "Jul 29, 2021",
    "revenue": 2.35
  },
  "tiktok november 2021": {
    "rank": "79",
    "playlistname": "tiktok november 2021",
    "noofsongs": "Street Therapy",
    "curator": "clauloopezz",
    "listeners": "249",
    "streams": "365",
    "date": "Oct 1, 2021",
    "revenue": 2.19
  },
  "Rap Vibes 2021 \ud83d\udca4": {
    "rank": "80",
    "playlistname": "Rap Vibes 2021 \ud83d\udca4",
    "noofsongs": "Basquiat (Interlude)",
    "curator": "Zzz",
    "listeners": "307",
    "streams": "361",
    "date": "Jun 13, 2021",
    "revenue": 2.17
  },
  "GYM HYPE": {
    "rank": "81",
    "playlistname": "GYM HYPE",
    "noofsongs": "Street Therapy",
    "curator": "CameronTurner",
    "listeners": "214",
    "streams": "353",
    "date": "Oct 10, 2021",
    "revenue": 2.12
  },
  "BEAST MODE MOTIVATION ": {
    "rank": "82",
    "playlistname": "BEAST MODE MOTIVATION ",
    "noofsongs": "Street Therapy",
    "curator": "Miguel Alba",
    "listeners": "229",
    "streams": "337",
    "date": "Oct 5, 2021",
    "revenue": 2.02
  },
  "Stoner Vibes \ud83d\udca8": {
    "rank": "83",
    "playlistname": "Stoner Vibes \ud83d\udca8",
    "noofsongs": "Goldie",
    "curator": "Axel Anakin Abela",
    "listeners": "251",
    "streams": "298",
    "date": "Jul 11, 2021",
    "revenue": 1.79
  },
  "Chillout Hip Hop / Smooth Rap": {
    "rank": "84",
    "playlistname": "Chillout Hip Hop / Smooth Rap",
    "noofsongs": "Goldie",
    "curator": "Marco Pizarro",
    "listeners": "159",
    "streams": "239",
    "date": "Jun 3, 2021",
    "revenue": 1.43
  },
  "Smoking Weed Music": {
    "rank": "85",
    "playlistname": "Smoking Weed Music",
    "noofsongs": "2 songs",
    "curator": "Cece",
    "listeners": "95",
    "streams": "228",
    "date": "Nov 6, 2021",
    "revenue": 1.37
  },
  "Polo G - Hall of Fame 2.0 (Album Deluxe)": {
    "rank": "86",
    "playlistname": "Polo G - Hall of Fame 2.0 (Album Deluxe)",
    "noofsongs": "Street Therapy",
    "curator": "Capsule Music",
    "listeners": "162",
    "streams": "213",
    "date": "\u2014",
    "revenue": 1.28
  },
  "Best rap hits 2021": {
    "rank": "88",
    "playlistname": "Best rap hits 2021",
    "noofsongs": "2 songs",
    "curator": "Sune Holm Olsen",
    "listeners": "112",
    "streams": "195",
    "date": "\u2014",
    "revenue": 1.17
  },
  "POP 2021 - Today's Top Pop Hits (POP music) Hot Hits UK | POP | RnB POP | POP RAP | US POP | UK POP ": {
    "rank": "89",
    "playlistname": "POP 2021 - Today's Top Pop Hits (POP music) Hot Hits UK | POP | RnB POP | POP RAP | US POP | UK POP ",
    "noofsongs": "Goldie",
    "curator": "Lux Thugs",
    "listeners": "121",
    "streams": "194",
    "date": "Nov 17, 2021",
    "revenue": 1.16
  },
  "Rap Hits 2015-2021": {
    "rank": "90",
    "playlistname": "Rap Hits 2015-2021",
    "noofsongs": "Street Therapy",
    "curator": "Jordan Rodriguez",
    "listeners": "136",
    "streams": "157",
    "date": "\u2014",
    "revenue": 0.94
  },
  "oldies but goodies": {
    "rank": "91",
    "playlistname": "oldies but goodies",
    "noofsongs": "Goldie",
    "curator": "Morgan Bader",
    "listeners": "129",
    "streams": "152",
    "date": "\u2014",
    "revenue": 0.91
  },
  "Drake - Certified Lover Boy (Album)": {
    "rank": "92",
    "playlistname": "Drake - Certified Lover Boy (Album)",
    "noofsongs": "Street Therapy",
    "curator": "Capsule Music",
    "listeners": "87",
    "streams": "139",
    "date": "\u2014",
    "revenue": 0.83
  },
  "Bad bitch playlist\ud83d\udc95": {
    "rank": "93",
    "playlistname": "Bad bitch playlist\ud83d\udc95",
    "noofsongs": "Goldie",
    "curator": "Emma B\u00f8rslien",
    "listeners": "113",
    "streams": "138",
    "date": "Jul 14, 2021",
    "revenue": 0.83
  },
  "Trap vibes": {
    "rank": "94",
    "playlistname": "Trap vibes",
    "noofsongs": "Street Therapy",
    "curator": "Samir",
    "listeners": "129",
    "streams": "135",
    "date": "Oct 1, 2021",
    "revenue": 0.81
  },
  "HIP HOP COLLECTION": {
    "rank": "95",
    "playlistname": "HIP HOP COLLECTION",
    "noofsongs": "Street Therapy",
    "curator": "Kosa",
    "listeners": "111",
    "streams": "134",
    "date": "Oct 1, 2021",
    "revenue": 0.8
  },
  "TRAP MUSIC": {
    "rank": "96",
    "playlistname": "TRAP MUSIC",
    "noofsongs": "Street Therapy",
    "curator": "Gabriel Theodoro",
    "listeners": "100",
    "streams": "115",
    "date": "\u2014",
    "revenue": 0.69
  },
  "THE CALM B4 THE STORM\ud83c\udf2a": {
    "rank": "97",
    "playlistname": "THE CALM B4 THE STORM\ud83c\udf2a",
    "noofsongs": "Goldie",
    "curator": "Whupzy",
    "listeners": "89",
    "streams": "107",
    "date": "\u2014",
    "revenue": 0.64
  },
  "Stripper Music": {
    "rank": "98",
    "playlistname": "Stripper Music",
    "noofsongs": "Goldie",
    "curator": "Neil Beinert",
    "listeners": "85",
    "streams": "90",
    "date": "Jun 15, 2021",
    "revenue": 0.54
  }
}
