{"Best TikTok Viral Songs 2021 \u26a1\ufe0f": {"rank": "1", "playlistname": "Best TikTok Viral Songs 2021 \u26a1\ufe0f", "noofsongs": "4 songs", "curator": "BOXOY", "listeners": "8,906", "streams": "14,880", "date": "Oct 29, 2021", "revenue": 89.28}, "Unknown30": {"rank": "2", "playlistname": "Unknown", "noofsongs": "5 songs", "curator": "Bruno Braga", "listeners": "4,122", "streams": "11,654", "date": "Jul 9, 2021", "revenue": 69.92}, "GYM MODO BESTIA \ud83d\udcaa\ud83c\udffb": {"rank": "3", "playlistname": "GYM MODO BESTIA \ud83d\udcaa\ud83c\udffb", "noofsongs": "Street Therapy", "curator": "Bernardo Reynoso", "listeners": "7,237", "streams": "9,134", "date": "Aug 3, 2021", "revenue": 54.8}, "Chill/Vibes\ud83e\udd19\ud83c\udffd\ud83e\udd1f\ud83c\udffd": {"rank": "4", "playlistname": "Chill/Vibes\ud83e\udd19\ud83c\udffd\ud83e\udd1f\ud83c\udffd", "noofsongs": "4 songs", "curator": "FionnMc2003", "listeners": "2,876", "streams": "7,282", "date": "Sep 12, 2021", "revenue": 43.69}, "Rap Gold": {"rank": "5", "playlistname": "Rap Gold", "noofsongs": "4 songs", "curator": "Marc", "listeners": "1,481", "streams": "5,604", "date": "Oct 11, 2021", "revenue": 33.62}, "Old School RnB, 90s, 2000s R&B": {"rank": "6", "playlistname": "Old School RnB, 90s, 2000s R&B", "noofsongs": "2 songs", "curator": "karolrodis", "listeners": "3,377", "streams": "5,541", "date": "Sep 30, 2021", "revenue": 33.25}, "RAP EN INGL\u00c9S ": {"rank": "7", "playlistname": "RAP EN INGL\u00c9S ", "noofsongs": "4 songs", "curator": "Tomas Paoli", "listeners": "1,806", "streams": "3,783", "date": "Jul 8, 2021", "revenue": 22.7}, "Throwback Bangers \ud83d\udd25\ud83d\udd25\ud83d\udd25": {"rank": "8", "playlistname": "Throwback Bangers \ud83d\udd25\ud83d\udd25\ud83d\udd25", "noofsongs": "2 songs", "curator": "chris.simpson99", "listeners": "2,609", "streams": "3,735", "date": "Oct 16, 2021", "revenue": 22.41}, "RnB & HipHop Vibes 2021": {"rank": "9", "playlistname": "RnB & HipHop Vibes 2021", "noofsongs": "6 songs", "curator": "Janik Schmidt", "listeners": "1,171", "streams": "3,633", "date": "Jul 11, 2021", "revenue": 21.8}, "Ami Rap 2021\ud83e\udd76\ud83d\udd25": {"rank": "10", "playlistname": "Ami Rap 2021\ud83e\udd76\ud83d\udd25", "noofsongs": "5 songs", "curator": "IG: nilss.hsm", "listeners": "1,158", "streams": "3,444", "date": "Sep 30, 2021", "revenue": 20.66}, "Underground Kings": {"rank": "11", "playlistname": "Underground Kings", "noofsongs": "2 songs", "curator": "Diamond Hands", "listeners": "982", "streams": "2,508", "date": "Nov 1, 2021", "revenue": 15.05}, "Radio Hits 2010-2021": {"rank": "12", "playlistname": "Radio Hits 2010-2021", "noofsongs": "3 songs", "curator": "Sherly Madrid", "listeners": "1,073", "streams": "2,459", "date": "Sep 29, 2021", "revenue": 14.75}, "GYM RAP 2021": {"rank": "13", "playlistname": "GYM RAP 2021", "noofsongs": "4 songs", "curator": "Attack The Zoo", "listeners": "944", "streams": "2,229", "date": "Nov 2, 2021", "revenue": 13.37}, "TRAP ARGENTINO 2021 \ud83d\udd25": {"rank": "14", "playlistname": "TRAP ARGENTINO 2021 \ud83d\udd25", "noofsongs": "2 songs", "curator": "LatinHits", "listeners": "1,283", "streams": "2,037", "date": "Nov 5, 2021", "revenue": 12.22}, "SMASH PRS\ud83d\udd31": {"rank": "15", "playlistname": "SMASH PRS\ud83d\udd31", "noofsongs": "3 songs", "curator": "Whupzy", "listeners": "974", "streams": "2,012", "date": "Jul 1, 2021", "revenue": 12.07}, "Rap Songs With The Hardest Bass": {"rank": "16", "playlistname": "Rap Songs With The Hardest Bass", "noofsongs": "5 songs", "curator": "Parker Koenig", "listeners": "847", "streams": "1,986", "date": "Oct 29, 2021", "revenue": 11.92}, "Hiphop 90\u2019s": {"rank": "17", "playlistname": "Hiphop 90\u2019s", "noofsongs": "Street Therapy", "curator": "S", "listeners": "1,534", "streams": "1,912", "date": "Nov 5, 2021", "revenue": 11.47}, "Chill rap vibes": {"rank": "18", "playlistname": "Chill rap vibes", "noofsongs": "5 songs", "curator": "Chill list", "listeners": "950", "streams": "1,745", "date": "Sep 25, 2021", "revenue": 10.47}, "Black Antigos (S\u00d3 REL\u00cdQUIA)": {"rank": "19", "playlistname": "Black Antigos (S\u00d3 REL\u00cdQUIA)", "noofsongs": "10 songs", "curator": "Fabio92ti", "listeners": "722", "streams": "1,745", "date": "Aug 7, 2021", "revenue": 10.47}, "\ud83d\udd25\ud83c\udfc0HYPE Basketball warmup list": {"rank": "20", "playlistname": "\ud83d\udd25\ud83c\udfc0HYPE Basketball warmup list", "noofsongs": "4 songs", "curator": "Nikolaj Klinge", "listeners": "989", "streams": "1,659", "date": "Jul 12, 2021", "revenue": 9.95}, "Happy Upbeat Vibes": {"rank": "21", "playlistname": "Happy Upbeat Vibes", "noofsongs": "2 songs", "curator": "Amaris Valenca", "listeners": "1,094", "streams": "1,588", "date": "Oct 29, 2021", "revenue": 9.53}, "if i feel lonely:)": {"rank": "22", "playlistname": "if i feel lonely:)", "noofsongs": "2 songs", "curator": "Kikiafr_", "listeners": "710", "streams": "1,423", "date": "Nov 1, 2021", "revenue": 8.54}, "Hype Gym Bangers": {"rank": "23", "playlistname": "Hype Gym Bangers", "noofsongs": "2 songs", "curator": "Camden", "listeners": "909", "streams": "1,377", "date": "Oct 26, 2021", "revenue": 8.26}, "Eclectic Vibes": {"rank": "24", "playlistname": "Eclectic Vibes", "noofsongs": "2 songs", "curator": "LM Staff", "listeners": "137", "streams": "1,352", "date": "\u2014", "revenue": 8.11}, "NLE Choppa - Beat Box \u201cFirst Day Out\u201d": {"rank": "25", "playlistname": "NLE Choppa - Beat Box \u201cFirst Day Out\u201d", "noofsongs": "6 songs", "curator": "Aaron", "listeners": "462", "streams": "1,193", "date": "Jul 9, 2021", "revenue": 7.16}, "R&B 2000s Greatest hits": {"rank": "26", "playlistname": "R&B 2000s Greatest hits", "noofsongs": "3 songs", "curator": "Lars-Erik Lorentsen", "listeners": "651", "streams": "1,183", "date": "\u2014", "revenue": 7.1}, "Iron Grind": {"rank": "27", "playlistname": "Iron Grind", "noofsongs": "Street Therapy", "curator": "Faizan", "listeners": "685", "streams": "1,070", "date": "Oct 11, 2021", "revenue": 6.42}, "ULTIMATE GYM RAP 2021 \ud83d\udcaa\ud83c\udffc": {"rank": "28", "playlistname": "ULTIMATE GYM RAP 2021 \ud83d\udcaa\ud83c\udffc", "noofsongs": "Street Therapy", "curator": "Andrew Zarrella", "listeners": "961", "streams": "1,065", "date": "Nov 2, 2021", "revenue": 6.39}, "F45 HIITS": {"rank": "29", "playlistname": "F45 HIITS", "noofsongs": "4 songs", "curator": "Lily Everest", "listeners": "492", "streams": "1,060", "date": "Jul 12, 2021", "revenue": 6.36}, "We dry scoop \ud83e\udd76": {"rank": "30", "playlistname": "We dry scoop \ud83e\udd76", "noofsongs": "3 songs", "curator": "Whupzy", "listeners": "449", "streams": "1,026", "date": "Oct 3, 2021", "revenue": 6.16}, "NBA 2K22 Soundtrack": {"rank": "31", "playlistname": "NBA 2K22 Soundtrack", "noofsongs": "3 songs", "curator": "Lucas Madaschi", "listeners": "437", "streams": "1,025", "date": "Oct 17, 2021", "revenue": 6.15}, "Lo Key Fiya": {"rank": "32", "playlistname": "Lo Key Fiya", "noofsongs": "Street Therapy", "curator": "Faizan", "listeners": "690", "streams": "1,011", "date": "Oct 11, 2021", "revenue": 6.07}, "BODYBUILDING MOTIVATION": {"rank": "33", "playlistname": "BODYBUILDING MOTIVATION", "noofsongs": "5 songs", "curator": "Arne Lindhardt", "listeners": "342", "streams": "1,002", "date": "Jul 29, 2021", "revenue": 6.01}, "Blind Fury": {"rank": "34", "playlistname": "Blind Fury", "noofsongs": "Street Therapy", "curator": "Faizan", "listeners": "635", "streams": "870", "date": "Oct 11, 2021", "revenue": 5.22}, "RnB & HIPHOP 2021": {"rank": "35", "playlistname": "RnB & HIPHOP 2021", "noofsongs": "4 songs", "curator": "@fynn_gloeckner", "listeners": "249", "streams": "762", "date": "Jul 21, 2021", "revenue": 4.57}, "Juice WRLD Unreleased - Already Dead - Fighting Demons    ": {"rank": "36", "playlistname": "Juice WRLD Unreleased - Already Dead - Fighting Demons    ", "noofsongs": "3 songs", "curator": "Tristan", "listeners": "427", "streams": "738", "date": "Oct 28, 2021", "revenue": 4.43}, "RAP MOTIVATION \ud83d\udcaa\ud83c\udffc2021 \ud83d\udd25": {"rank": "37", "playlistname": "RAP MOTIVATION \ud83d\udcaa\ud83c\udffc2021 \ud83d\udd25", "noofsongs": "4 songs", "curator": "Riki Playlister", "listeners": "346", "streams": "737", "date": "Nov 3, 2021", "revenue": 4.42}, "Fast and Furious (The best of)": {"rank": "38", "playlistname": "Fast and Furious (The best of)", "noofsongs": "3 songs", "curator": "Helder Monteiro", "listeners": "400", "streams": "704", "date": "Jul 15, 2021", "revenue": 4.22}, "Party songs every one should know": {"rank": "39", "playlistname": "Party songs every one should know", "noofsongs": "Goldie", "curator": "emmawenger", "listeners": "589", "streams": "676", "date": "Oct 30, 2021", "revenue": 4.06}, "Grind Time ": {"rank": "40", "playlistname": "Grind Time ", "noofsongs": "Street Therapy", "curator": "CameronTurner", "listeners": "516", "streams": "638", "date": "Oct 10, 2021", "revenue": 3.83}, "Bass Boosted 2021 rap car songs \ud83d\udd25\ud83d\udd0a": {"rank": "41", "playlistname": "Bass Boosted 2021 rap car songs \ud83d\udd25\ud83d\udd0a", "noofsongs": "3 songs", "curator": "Sergio Chiodaroli", "listeners": "327", "streams": "609", "date": "Nov 21, 2021", "revenue": 3.65}, "Beast Mode ": {"rank": "42", "playlistname": "Beast Mode ", "noofsongs": "Street Therapy", "curator": "CameronTurner", "listeners": "452", "streams": "589", "date": "Oct 10, 2021", "revenue": 3.53}, "Demon Mode ": {"rank": "43", "playlistname": "Demon Mode ", "noofsongs": "Street Therapy", "curator": "Nethmin", "listeners": "438", "streams": "534", "date": "Oct 28, 2021", "revenue": 3.2}, "Late night drives\ud83d\ude34\ud83c\udf03": {"rank": "44", "playlistname": "Late night drives\ud83d\ude34\ud83c\udf03", "noofsongs": "Goldie", "curator": "braylawrencej5", "listeners": "438", "streams": "499", "date": "Oct 31, 2021", "revenue": 2.99}, "A Different Christmas - Bryson Tiller": {"rank": "45", "playlistname": "A Different Christmas - Bryson Tiller", "noofsongs": "2 songs", "curator": "Prima Music", "listeners": "237", "streams": "489", "date": "Jul 21, 2021", "revenue": 2.93}, "Rap US (Lourd)": {"rank": "46", "playlistname": "Rap US (Lourd)", "noofsongs": "4 songs", "curator": "Valxx", "listeners": "321", "streams": "488", "date": "Sep 28, 2021", "revenue": 2.93}, "CM10: Free Game - Yo Gotti": {"rank": "47", "playlistname": "CM10: Free Game - Yo Gotti", "noofsongs": "2 songs", "curator": "Prima Music", "listeners": "263", "streams": "445", "date": "Jul 23, 2021", "revenue": 2.67}, "MATERIAL GIRL / LORD HAVE MERCY / TWINNEM / NEED TO KNOW  / THOT SH*T": {"rank": "48", "playlistname": "MATERIAL GIRL / LORD HAVE MERCY / TWINNEM / NEED TO KNOW  / THOT SH*T", "noofsongs": "2 songs", "curator": "@t3entytan", "listeners": "258", "streams": "434", "date": "Oct 16, 2021", "revenue": 2.6}, "best\u2728indie\u2728songs": {"rank": "49", "playlistname": "best\u2728indie\u2728songs", "noofsongs": "Goldie", "curator": "clara siberg", "listeners": "350", "streams": "421", "date": "Oct 29, 2021", "revenue": 2.53}, "Trap City": {"rank": "50", "playlistname": "Trap City", "noofsongs": "Street Therapy", "curator": "Steve Jonson", "listeners": "370", "streams": "384", "date": "Nov 10, 2021", "revenue": 2.3}, "Trap Nation": {"rank": "51", "playlistname": "Trap Nation", "noofsongs": "Street Therapy", "curator": "Steve Jonson", "listeners": "360", "streams": "374", "date": "Nov 10, 2021", "revenue": 2.24}, "TRAP YANKEE \ud83c\uddfa\ud83c\uddf8\ud83e\udd1f": {"rank": "52", "playlistname": "TRAP YANKEE \ud83c\uddfa\ud83c\uddf8\ud83e\udd1f", "noofsongs": "2 songs", "curator": "Facu Murillo", "listeners": "284", "streams": "349", "date": "Nov 5, 2021", "revenue": 2.09}, "Best New Artist 2021": {"rank": "53", "playlistname": "Best New Artist 2021", "noofsongs": "Street Therapy", "curator": "HELLO", "listeners": "229", "streams": "277", "date": "\u2014", "revenue": 1.66}, "VANO 3000 [adult swim]": {"rank": "54", "playlistname": "VANO 3000 [adult swim]", "noofsongs": "Goldie", "curator": "sarah smorholm", "listeners": "208", "streams": "265", "date": "Oct 15, 2021", "revenue": 1.59}, "INTERNET GEMS": {"rank": "55", "playlistname": "INTERNET GEMS", "noofsongs": "Street Therapy", "curator": "Happy Genius", "listeners": "250", "streams": "264", "date": "\u2014", "revenue": 1.58}, "HIP HOP TALENT 2021": {"rank": "56", "playlistname": "HIP HOP TALENT 2021", "noofsongs": "Street Therapy", "curator": "Opae", "listeners": "162", "streams": "248", "date": "Oct 9, 2021", "revenue": 1.49}, "Hot Hits Global - Today's Top Hits 2021 (Pop Rap & RnB) Top Hits of Todays Music | Top Pop Hits |POP": {"rank": "57", "playlistname": "Hot Hits Global - Today's Top Hits 2021 (Pop Rap & RnB) Top Hits of Todays Music | Top Pop Hits |POP", "noofsongs": "Goldie", "curator": "Lux Thugs", "listeners": "191", "streams": "247", "date": "Nov 19, 2021", "revenue": 1.48}, "Trap vibes": {"rank": "58", "playlistname": "Trap vibes", "noofsongs": "Street Therapy", "curator": "Samir", "listeners": "156", "streams": "228", "date": "Oct 1, 2021", "revenue": 1.37}, "Straight Fire": {"rank": "59", "playlistname": "Straight Fire", "noofsongs": "Street Therapy", "curator": "Hello", "listeners": "197", "streams": "219", "date": "\u2014", "revenue": 1.31}, "HIP HOP RHYTHM": {"rank": "60", "playlistname": "HIP HOP RHYTHM", "noofsongs": "Street Therapy", "curator": "Weri", "listeners": "144", "streams": "207", "date": "Oct 9, 2021", "revenue": 1.24}, "VIRAL RAP": {"rank": "61", "playlistname": "VIRAL RAP", "noofsongs": "Street Therapy", "curator": "AUX GOD", "listeners": "202", "streams": "206", "date": "\u2014", "revenue": 1.24}, "Vibes You Need in Your Rotation \ud83c\udf0a ": {"rank": "62", "playlistname": "Vibes You Need in Your Rotation \ud83c\udf0a ", "noofsongs": "Street Therapy", "curator": "Masked Mortal Music", "listeners": "170", "streams": "202", "date": "Nov 3, 2021", "revenue": 1.21}, "BhramaBull\u2019s Gryndfest Playlist": {"rank": "63", "playlistname": "BhramaBull\u2019s Gryndfest Playlist", "noofsongs": "Street Therapy", "curator": "BhramaBull", "listeners": "57", "streams": "198", "date": "Nov 7, 2021", "revenue": 1.19}, "HIP HOP COLLECTION": {"rank": "64", "playlistname": "HIP HOP COLLECTION", "noofsongs": "Street Therapy", "curator": "Kosa", "listeners": "142", "streams": "190", "date": "Oct 1, 2021", "revenue": 1.14}, "BEST HIP-HOP 2021 \ud83d\udd25 ~ Top Rap Bangers ~ Mugatunes": {"rank": "65", "playlistname": "BEST HIP-HOP 2021 \ud83d\udd25 ~ Top Rap Bangers ~ Mugatunes", "noofsongs": "Street Therapy", "curator": "mugatunes", "listeners": "124", "streams": "147", "date": "Jun 7, 2021", "revenue": 0.88}, "Astronaut In The Ocean\ud83d\udd25": {"rank": "66", "playlistname": "Astronaut In The Ocean\ud83d\udd25", "noofsongs": "Goldie", "curator": "Frank Strudahl Hansen", "listeners": "116", "streams": "141", "date": "Sep 29, 2021", "revenue": 0.85}, "\ud83d\ude36\u200d\ud83c\udf2b\ufe0f Real Boom Bap \ud83d\udca5 ": {"rank": "67", "playlistname": "\ud83d\ude36\u200d\ud83c\udf2b\ufe0f Real Boom Bap \ud83d\udca5 ", "noofsongs": "Street Therapy", "curator": "BhramaBull", "listeners": "59", "streams": "131", "date": "Nov 9, 2021", "revenue": 0.79}, "TIKTOK HITS | Dj Noiz neon moon remix,Love Nwantiti,Food Dance,Tetema Maluma, Moreart,Meet Me At Our": {"rank": "68", "playlistname": "TIKTOK HITS | Dj Noiz neon moon remix,Love Nwantiti,Food Dance,Tetema Maluma, Moreart,Meet Me At Our", "noofsongs": "Goldie", "curator": "AfrobeatsGlobalPlaylists", "listeners": "106", "streams": "119", "date": "Jun 11, 2021", "revenue": 0.71}, "POP 2021 - Today's Top Pop Hits (POP music) Hot Hits UK | POP | RnB POP | POP RAP | US POP | UK POP ": {"rank": "69", "playlistname": "POP 2021 - Today's Top Pop Hits (POP music) Hot Hits UK | POP | RnB POP | POP RAP | US POP | UK POP ", "noofsongs": "Goldie", "curator": "Lux Thugs", "listeners": "83", "streams": "111", "date": "Nov 17, 2021", "revenue": 0.67}, "\ud83d\udca5That go crazy playlist \ud83d\udca5": {"rank": "70", "playlistname": "\ud83d\udca5That go crazy playlist \ud83d\udca5", "noofsongs": "Street Therapy", "curator": "BhramaBull", "listeners": "51", "streams": "111", "date": "Nov 11, 2021", "revenue": 0.67}, "TRAP GRINGO HITS 2021 \ud83e\udd8b": {"rank": "71", "playlistname": "TRAP GRINGO HITS 2021 \ud83e\udd8b", "noofsongs": "Frustrated", "curator": "EssePify \ud83c\udf31", "listeners": "100", "streams": "109", "date": "Jul 14, 2021", "revenue": 0.65}, "Canciones para dormir": {"rank": "72", "playlistname": "Canciones para dormir", "noofsongs": "Goldie", "curator": "Francisco Ruiz", "listeners": "81", "streams": "98", "date": "Oct 12, 2021", "revenue": 0.59}, "Rap Vibes 2021 \ud83d\udca4": {"rank": "73", "playlistname": "Rap Vibes 2021 \ud83d\udca4", "noofsongs": "Basquiat (Interlude)", "curator": "Zzz", "listeners": "82", "streams": "94", "date": "Jun 13, 2021", "revenue": 0.56}, "BEAST MODE MOTIVATION ": {"rank": "74", "playlistname": "BEAST MODE MOTIVATION ", "noofsongs": "Street Therapy", "curator": "Miguel Alba", "listeners": "65", "streams": "81", "date": "\u2014", "revenue": 0.49}, "Chill Hip Hop - Rap & Hip Hop Music 2021 ": {"rank": "75", "playlistname": "Chill Hip Hop - Rap & Hip Hop Music 2021 ", "noofsongs": "Goldie", "curator": "Filet Flows", "listeners": "60", "streams": "68", "date": "Jul 29, 2021", "revenue": 0.41}, "Stoner Vibes \ud83d\udca8": {"rank": "76", "playlistname": "Stoner Vibes \ud83d\udca8", "noofsongs": "Goldie", "curator": "Axel Anakin Abela", "listeners": "57", "streams": "67", "date": "Jul 11, 2021", "revenue": 0.4}, "Fortnite Highlights 2021": {"rank": "77", "playlistname": "Fortnite Highlights 2021", "noofsongs": "Street Therapy", "curator": "KryyX", "listeners": "51", "streams": "66", "date": "Oct 5, 2021", "revenue": 0.4}, "GYM HYPE": {"rank": "78", "playlistname": "GYM HYPE", "noofsongs": "Street Therapy", "curator": "CameronTurner", "listeners": "52", "streams": "64", "date": "Oct 10, 2021", "revenue": 0.38}, "Yabanc\u0131 Rap 2021 - Yabanc\u0131 Hip Hop 2021, R&B 2021, Are & Be 2021, En \u0130yi Rap ve Hip Hop Par\u00e7alar": {"rank": "79", "playlistname": "Yabanc\u0131 Rap 2021 - Yabanc\u0131 Hip Hop 2021, R&B 2021, Are & Be 2021, En \u0130yi Rap ve Hip Hop Par\u00e7alar", "noofsongs": "2 songs", "curator": "Ali Kiraz", "listeners": "31", "streams": "51", "date": "Jun 8, 2021", "revenue": 0.31}, "Chillout Hip Hop / Smooth Rap": {"rank": "80", "playlistname": "Chillout Hip Hop / Smooth Rap", "noofsongs": "Goldie", "curator": "Marco Pizarro", "listeners": "44", "streams": "50", "date": "Jun 3, 2021", "revenue": 0.3}, "tiktok november 2021": {"rank": "81", "playlistname": "tiktok november 2021", "noofsongs": "Street Therapy", "curator": "clauloopezz", "listeners": "42", "streams": "48", "date": "Oct 1, 2021", "revenue": 0.29}, "Smoking Weed Music": {"rank": "82", "playlistname": "Smoking Weed Music", "noofsongs": "2 songs", "curator": "Cece", "listeners": "25", "streams": "48", "date": "Nov 6, 2021", "revenue": 0.29}, "Music for weed lovers": {"rank": "83", "playlistname": "Music for weed lovers", "noofsongs": "2 songs", "curator": "music lover", "listeners": "21", "streams": "41", "date": "Sep 15, 2021", "revenue": 0.25}, "Bad bitch playlist\ud83d\udc95": {"rank": "84", "playlistname": "Bad bitch playlist\ud83d\udc95", "noofsongs": "Goldie", "curator": "Emma B\u00f8rslien", "listeners": "33", "streams": "36", "date": "Jul 14, 2021", "revenue": 0.22}, "SHEESH \ud83d\udcaf\ud83e\udd18\ud83c\udffc": {"rank": "85", "playlistname": "SHEESH \ud83d\udcaf\ud83e\udd18\ud83c\udffc", "noofsongs": "Street Therapy", "curator": "Pascal Su", "listeners": "25", "streams": "33", "date": "Jul 23, 2021", "revenue": 0.2}, "Trap Hit | Rap Hits \u26a1": {"rank": "86", "playlistname": "Trap Hit | Rap Hits \u26a1", "noofsongs": "2 songs", "curator": "oceanify", "listeners": "12", "streams": "30", "date": "Jun 10, 2021", "revenue": 0.18}, "Drill Zone": {"rank": "87", "playlistname": "Drill Zone", "noofsongs": "What Can You Say", "curator": "Music Trap Italy", "listeners": "26", "streams": "26", "date": "Oct 15, 2021", "revenue": 0.16}, "Gaming Trap & Rap | Gaming Music 2021 | ": {"rank": "88", "playlistname": "Gaming Trap & Rap | Gaming Music 2021 | ", "noofsongs": "Street Therapy", "curator": "Apg.music", "listeners": "21", "streams": "26", "date": "Jun 21, 2021", "revenue": 0.16}, "Algorithm-Snoop Dogg": {"rank": "89", "playlistname": "Algorithm-Snoop Dogg", "noofsongs": "2 songs", "curator": "PMG Music", "listeners": "14", "streams": "25", "date": "Nov 14, 2021", "revenue": 0.15}, "TRAINING RAP 2021 \ud83c\udfcb\ud83c\udffe\u200d\u2642\ufe0f FOLLOW ME!\ud83d\udcaa\ud83c\udffc": {"rank": "90", "playlistname": "TRAINING RAP 2021 \ud83c\udfcb\ud83c\udffe\u200d\u2642\ufe0f FOLLOW ME!\ud83d\udcaa\ud83c\udffc", "noofsongs": "Street Therapy", "curator": "MAXIMUS PLAYLISTER", "listeners": "23", "streams": "24", "date": "Jun 15, 2021", "revenue": 0.14}, "Training//rap": {"rank": "91", "playlistname": "Training//rap", "noofsongs": "Street Therapy", "curator": "Casper Konradsen", "listeners": "19", "streams": "24", "date": "Jul 27, 2021", "revenue": 0.14}, "low vibe rap": {"rank": "92", "playlistname": "low vibe rap", "noofsongs": "Goldie", "curator": "freshgoodies", "listeners": "17", "streams": "23", "date": "Nov 5, 2021", "revenue": 0.14}, "RUNNING RAP 2021 \ud83e\udd47": {"rank": "93", "playlistname": "RUNNING RAP 2021 \ud83e\udd47", "noofsongs": "Goldie", "curator": "Guillermo Prudenciano Martin", "listeners": "15", "streams": "23", "date": "Jun 2, 2021", "revenue": 0.14}, "Stripper Music": {"rank": "94", "playlistname": "Stripper Music", "noofsongs": "Goldie", "curator": "Neil Beinert", "listeners": "22", "streams": "22", "date": "Jun 15, 2021", "revenue": 0.13}, "Chilliger Amirap\ud83c\udf41": {"rank": "95", "playlistname": "Chilliger Amirap\ud83c\udf41", "noofsongs": "3 songs", "curator": "Lukas Arnold", "listeners": "17", "streams": "20", "date": "Nov 1, 2021", "revenue": 0.12}, "Big Bootie Mix Vol. 18 ~ Two Friends": {"rank": "96", "playlistname": "Big Bootie Mix Vol. 18 ~ Two Friends", "noofsongs": "Street Therapy", "curator": "ispytunes", "listeners": "17", "streams": "18", "date": "Jul 22, 2021", "revenue": 0.11}, "Red Eye - Justin Bieber feat TroyBoi - New HipHop 2021 \ud83d\udd25": {"rank": "97", "playlistname": "Red Eye - Justin Bieber feat TroyBoi - New HipHop 2021 \ud83d\udd25", "noofsongs": "2 songs", "curator": "VFame", "listeners": "12", "streams": "17", "date": "Oct 8, 2021", "revenue": 0.1}, "Rap Hits | Trap Trends 2021 \u26a1 | Hip Hop Hits": {"rank": "98", "playlistname": "Rap Hits | Trap Trends 2021 \u26a1 | Hip Hop Hits", "noofsongs": "Street Therapy", "curator": "Other Way Around", "listeners": "13", "streams": "14", "date": "Jun 13, 2021", "revenue": 0.08}, "Rap and Chill": {"rank": "99", "playlistname": "Rap and Chill", "noofsongs": "Goldie", "curator": "Rap & Chill", "listeners": "12", "streams": "14", "date": "Sep 20, 2021", "revenue": 0.08}}