{"Unknown95": {"rank": "1", "playlistname": "Unknown", "noofsongs": "5 songs", "curator": "Bruno Braga", "listeners": "32,166", "streams": "104,885", "date": "Jul 9, 2021", "revenue": 629.31}, "Best TikTok Viral Songs 2021 \u26a1\ufe0f": {"rank": "2", "playlistname": "Best TikTok Viral Songs 2021 \u26a1\ufe0f", "noofsongs": "4 songs", "curator": "BOXOY", "listeners": "31,931", "streams": "59,586", "date": "Oct 29, 2021", "revenue": 357.52}, "GYM MODO BESTIA \ud83d\udcaa\ud83c\udffb": {"rank": "3", "playlistname": "GYM MODO BESTIA \ud83d\udcaa\ud83c\udffb", "noofsongs": "Street Therapy", "curator": "Bernardo Reynoso", "listeners": "22,185", "streams": "32,867", "date": "Aug 3, 2021", "revenue": 197.2}, "Chill/Vibes\ud83e\udd19\ud83c\udffd\ud83e\udd1f\ud83c\udffd": {"rank": "4", "playlistname": "Chill/Vibes\ud83e\udd19\ud83c\udffd\ud83e\udd1f\ud83c\udffd", "noofsongs": "4 songs", "curator": "FionnMc2003", "listeners": "11,004", "streams": "32,066", "date": "Sep 12, 2021", "revenue": 192.4}, "Best New Artist 2021": {"rank": "5", "playlistname": "Best New Artist 2021", "noofsongs": "2 songs", "curator": "HELLO", "listeners": "12,625", "streams": "27,596", "date": "\u2014", "revenue": 165.58}, "Rap Gold": {"rank": "6", "playlistname": "Rap Gold", "noofsongs": "4 songs", "curator": "Marc", "listeners": "5,462", "streams": "23,550", "date": "Oct 11, 2021", "revenue": 141.3}, "Old School RnB, 90s, 2000s R&B": {"rank": "7", "playlistname": "Old School RnB, 90s, 2000s R&B", "noofsongs": "2 songs", "curator": "karolrodis", "listeners": "11,681", "streams": "19,976", "date": "Sep 30, 2021", "revenue": 119.86}, "Straight Fire": {"rank": "8", "playlistname": "Straight Fire", "noofsongs": "Street Therapy", "curator": "Hello", "listeners": "11,006", "streams": "16,603", "date": "\u2014", "revenue": 99.62}, "Ami Rap 2021\ud83e\udd76\ud83d\udd25": {"rank": "9", "playlistname": "Ami Rap 2021\ud83e\udd76\ud83d\udd25", "noofsongs": "5 songs", "curator": "IG: nilss.hsm", "listeners": "4,121", "streams": "16,395", "date": "Sep 30, 2021", "revenue": 98.37}, "R&B 2000s Greatest hits": {"rank": "10", "playlistname": "R&B 2000s Greatest hits", "noofsongs": "4 songs", "curator": "Lars-Erik Lorentsen", "listeners": "6,822", "streams": "15,301", "date": "\u2014", "revenue": 91.81}, "RAP EN INGL\u00c9S ": {"rank": "11", "playlistname": "RAP EN INGL\u00c9S ", "noofsongs": "4 songs", "curator": "Tomas Paoli", "listeners": "6,315", "streams": "15,101", "date": "Jul 8, 2021", "revenue": 90.61}, "RnB & HipHop Vibes 2021": {"rank": "12", "playlistname": "RnB & HipHop Vibes 2021", "noofsongs": "6 songs", "curator": "Janik Schmidt", "listeners": "4,048", "streams": "14,955", "date": "Jul 11, 2021", "revenue": 89.73}, "Eclectic Vibes": {"rank": "13", "playlistname": "Eclectic Vibes", "noofsongs": "2 songs", "curator": "LM Staff", "listeners": "609", "streams": "14,071", "date": "\u2014", "revenue": 84.43}, "Throwback Bangers \ud83d\udd25\ud83d\udd25\ud83d\udd25": {"rank": "14", "playlistname": "Throwback Bangers \ud83d\udd25\ud83d\udd25\ud83d\udd25", "noofsongs": "2 songs", "curator": "chris.simpson99", "listeners": "8,388", "streams": "13,273", "date": "Oct 16, 2021", "revenue": 79.64}, "All New Trap Music": {"rank": "15", "playlistname": "All New Trap Music", "noofsongs": "Goldie", "curator": "HELLO", "listeners": "7,461", "streams": "11,266", "date": "\u2014", "revenue": 67.6}, "Underground Kings": {"rank": "16", "playlistname": "Underground Kings", "noofsongs": "2 songs", "curator": "Diamond Hands", "listeners": "3,433", "streams": "9,613", "date": "Nov 1, 2021", "revenue": 57.68}, "Fast and Furious (The best of)": {"rank": "17", "playlistname": "Fast and Furious (The best of)", "noofsongs": "3 songs", "curator": "Helder Monteiro", "listeners": "4,816", "streams": "9,408", "date": "Jul 15, 2021", "revenue": 56.45}, "Radio Hits 2010-2021": {"rank": "18", "playlistname": "Radio Hits 2010-2021", "noofsongs": "4 songs", "curator": "Sherly Madrid", "listeners": "3,651", "streams": "9,295", "date": "Sep 29, 2021", "revenue": 55.77}, "SMASH PRS\ud83d\udd31": {"rank": "19", "playlistname": "SMASH PRS\ud83d\udd31", "noofsongs": "3 songs", "curator": "Whupzy", "listeners": "2,741", "streams": "8,791", "date": "Jul 1, 2021", "revenue": 52.75}, "Chill rap vibes": {"rank": "20", "playlistname": "Chill rap vibes", "noofsongs": "5 songs", "curator": "Chill list", "listeners": "3,889", "streams": "8,764", "date": "Sep 25, 2021", "revenue": 52.58}, "GYM RAP 2021": {"rank": "21", "playlistname": "GYM RAP 2021", "noofsongs": "4 songs", "curator": "Attack The Zoo", "listeners": "3,183", "streams": "8,616", "date": "Nov 2, 2021", "revenue": 51.7}, "Trap en Ingl\u00e9s": {"rank": "22", "playlistname": "Trap en Ingl\u00e9s", "noofsongs": "5 songs", "curator": "Ger\u00f3nimo Talam\u00e1s", "listeners": "3,166", "streams": "8,350", "date": "\u2014", "revenue": 50.1}, "CM10: Free Game - Yo Gotti": {"rank": "23", "playlistname": "CM10: Free Game - Yo Gotti", "noofsongs": "2 songs", "curator": "Prima Music", "listeners": "4,702", "streams": "8,323", "date": "Jul 23, 2021", "revenue": 49.94}, "Black Antigos (S\u00d3 REL\u00cdQUIA)": {"rank": "24", "playlistname": "Black Antigos (S\u00d3 REL\u00cdQUIA)", "noofsongs": "10 songs", "curator": "Fabio92ti", "listeners": "2,867", "streams": "8,281", "date": "Aug 7, 2021", "revenue": 49.69}, "Rap Songs With The Hardest Bass": {"rank": "25", "playlistname": "Rap Songs With The Hardest Bass", "noofsongs": "5 songs", "curator": "Parker Koenig", "listeners": "2,864", "streams": "7,991", "date": "Oct 29, 2021", "revenue": 47.95}, "Hype Gym Bangers": {"rank": "26", "playlistname": "Hype Gym Bangers", "noofsongs": "2 songs", "curator": "Camden", "listeners": "4,526", "streams": "7,654", "date": "Oct 26, 2021", "revenue": 45.92}, "NBA 2K22 Soundtrack": {"rank": "27", "playlistname": "NBA 2K22 Soundtrack", "noofsongs": "4 songs", "curator": "Lucas Madaschi", "listeners": "2,339", "streams": "6,832", "date": "Oct 17, 2021", "revenue": 40.99}, "TRAP ARGENTINO 2021 \ud83d\udd25": {"rank": "28", "playlistname": "TRAP ARGENTINO 2021 \ud83d\udd25", "noofsongs": "2 songs", "curator": "LatinHits", "listeners": "3,603", "streams": "6,592", "date": "Nov 5, 2021", "revenue": 39.55}, "Juice WRLD Unreleased - Already Dead - Fighting Demons    ": {"rank": "29", "playlistname": "Juice WRLD Unreleased - Already Dead - Fighting Demons    ", "noofsongs": "3 songs", "curator": "Tristan", "listeners": "1,571", "streams": "6,531", "date": "Oct 28, 2021", "revenue": 39.19}, "\ud83d\udd25\ud83c\udfc0HYPE Basketball warmup list": {"rank": "30", "playlistname": "\ud83d\udd25\ud83c\udfc0HYPE Basketball warmup list", "noofsongs": "4 songs", "curator": "Nikolaj Klinge", "listeners": "3,359", "streams": "6,520", "date": "Jul 12, 2021", "revenue": 39.12}, "Happy Upbeat Vibes": {"rank": "31", "playlistname": "Happy Upbeat Vibes", "noofsongs": "2 songs", "curator": "Amaris Valenca", "listeners": "3,730", "streams": "5,855", "date": "Oct 29, 2021", "revenue": 35.13}, "if i feel lonely:)": {"rank": "32", "playlistname": "if i feel lonely:)", "noofsongs": "2 songs", "curator": "Kikiafr_", "listeners": "2,362", "streams": "5,657", "date": "Nov 1, 2021", "revenue": 33.94}, "tiktok songs slowed + reverb": {"rank": "33", "playlistname": "tiktok songs slowed + reverb", "noofsongs": "Street Therapy", "curator": "Maeve", "listeners": "3,454", "streams": "5,599", "date": "\u2014", "revenue": 33.59}, "Rap US (Lourd)": {"rank": "34", "playlistname": "Rap US (Lourd)", "noofsongs": "4 songs", "curator": "Valxx", "listeners": "1,710", "streams": "5,360", "date": "Sep 28, 2021", "revenue": 32.16}, "Hiphop 90\u2019s": {"rank": "35", "playlistname": "Hiphop 90\u2019s", "noofsongs": "Street Therapy", "curator": "S", "listeners": "3,471", "streams": "4,845", "date": "Nov 5, 2021", "revenue": 29.07}, "BODYBUILDING MOTIVATION": {"rank": "36", "playlistname": "BODYBUILDING MOTIVATION", "noofsongs": "5 songs", "curator": "Arne Lindhardt", "listeners": "1,096", "streams": "4,707", "date": "Jul 29, 2021", "revenue": 28.24}, "NLE Choppa - Beat Box \u201cFirst Day Out\u201d": {"rank": "37", "playlistname": "NLE Choppa - Beat Box \u201cFirst Day Out\u201d", "noofsongs": "6 songs", "curator": "Aaron", "listeners": "1,552", "streams": "4,650", "date": "Jul 9, 2021", "revenue": 27.9}, "F45 HIITS": {"rank": "38", "playlistname": "F45 HIITS", "noofsongs": "4 songs", "curator": "Lily Everest", "listeners": "1,664", "streams": "4,462", "date": "Jul 12, 2021", "revenue": 26.77}, "Bass Boosted 2021 rap car songs \ud83d\udd25\ud83d\udd0a": {"rank": "39", "playlistname": "Bass Boosted 2021 rap car songs \ud83d\udd25\ud83d\udd0a", "noofsongs": "5 songs", "curator": "Sergio Chiodaroli", "listeners": "1,370", "streams": "4,297", "date": "Nov 21, 2021", "revenue": 25.78}, "A Different Christmas - Bryson Tiller": {"rank": "40", "playlistname": "A Different Christmas - Bryson Tiller", "noofsongs": "2 songs", "curator": "Prima Music", "listeners": "1,892", "streams": "4,186", "date": "Jul 21, 2021", "revenue": 25.12}, "Iron Grind": {"rank": "41", "playlistname": "Iron Grind", "noofsongs": "Street Therapy", "curator": "Faizan", "listeners": "2,293", "streams": "4,152", "date": "Oct 11, 2021", "revenue": 24.91}, "TRAP YANKEE \ud83c\uddfa\ud83c\uddf8\ud83e\udd1f": {"rank": "42", "playlistname": "TRAP YANKEE \ud83c\uddfa\ud83c\uddf8\ud83e\udd1f", "noofsongs": "4 songs", "curator": "Facu Murillo", "listeners": "1,503", "streams": "3,995", "date": "Nov 5, 2021", "revenue": 23.97}, "Lo Key Fiya": {"rank": "43", "playlistname": "Lo Key Fiya", "noofsongs": "Street Therapy", "curator": "Faizan", "listeners": "2,293", "streams": "3,974", "date": "Oct 11, 2021", "revenue": 23.84}, "We dry scoop \ud83e\udd76": {"rank": "44", "playlistname": "We dry scoop \ud83e\udd76", "noofsongs": "3 songs", "curator": "Whupzy", "listeners": "1,303", "streams": "3,942", "date": "Oct 3, 2021", "revenue": 23.65}, "Blind Fury": {"rank": "45", "playlistname": "Blind Fury", "noofsongs": "Street Therapy", "curator": "Faizan", "listeners": "2,151", "streams": "3,601", "date": "Oct 11, 2021", "revenue": 21.61}, "RAP MOTIVATION \ud83d\udcaa\ud83c\udffc2021 \ud83d\udd25": {"rank": "46", "playlistname": "RAP MOTIVATION \ud83d\udcaa\ud83c\udffc2021 \ud83d\udd25", "noofsongs": "4 songs", "curator": "Riki Playlister", "listeners": "1,431", "streams": "3,549", "date": "Nov 3, 2021", "revenue": 21.29}, "Grind Time ": {"rank": "47", "playlistname": "Grind Time ", "noofsongs": "Street Therapy", "curator": "CameronTurner", "listeners": "1,735", "streams": "2,990", "date": "Oct 10, 2021", "revenue": 17.94}, "ULTIMATE GYM RAP 2021 \ud83d\udcaa\ud83c\udffc": {"rank": "48", "playlistname": "ULTIMATE GYM RAP 2021 \ud83d\udcaa\ud83c\udffc", "noofsongs": "Street Therapy", "curator": "Andrew Zarrella", "listeners": "2,440", "streams": "2,890", "date": "Nov 2, 2021", "revenue": 17.34}, "Beast Mode ": {"rank": "49", "playlistname": "Beast Mode ", "noofsongs": "Street Therapy", "curator": "CameronTurner", "listeners": "1,653", "streams": "2,822", "date": "Oct 10, 2021", "revenue": 16.93}, "RnB & HIPHOP 2021": {"rank": "50", "playlistname": "RnB & HIPHOP 2021", "noofsongs": "4 songs", "curator": "@fynn_gloeckner", "listeners": "737", "streams": "2,712", "date": "Jul 21, 2021", "revenue": 16.27}, "Party songs every one should know": {"rank": "51", "playlistname": "Party songs every one should know", "noofsongs": "Goldie", "curator": "emmawenger", "listeners": "2,252", "streams": "2,692", "date": "Oct 30, 2021", "revenue": 16.15}, "MATERIAL GIRL / LORD HAVE MERCY / TWINNEM / NEED TO KNOW  / THOT SH*T": {"rank": "52", "playlistname": "MATERIAL GIRL / LORD HAVE MERCY / TWINNEM / NEED TO KNOW  / THOT SH*T", "noofsongs": "2 songs", "curator": "@t3entytan", "listeners": "1,124", "streams": "2,320", "date": "Oct 16, 2021", "revenue": 13.92}, "Demon Mode ": {"rank": "53", "playlistname": "Demon Mode ", "noofsongs": "Street Therapy", "curator": "Nethmin", "listeners": "1,461", "streams": "2,139", "date": "Oct 28, 2021", "revenue": 12.83}, "best\u2728indie\u2728songs": {"rank": "54", "playlistname": "best\u2728indie\u2728songs", "noofsongs": "Goldie", "curator": "clara siberg", "listeners": "1,300", "streams": "1,752", "date": "Oct 29, 2021", "revenue": 10.51}, "New Hits 2021": {"rank": "55", "playlistname": "New Hits 2021", "noofsongs": "Street Therapy", "curator": "Diamond Hands", "listeners": "907", "streams": "1,604", "date": "\u2014", "revenue": 9.62}, "Late night drives\ud83d\ude34\ud83c\udf03": {"rank": "56", "playlistname": "Late night drives\ud83d\ude34\ud83c\udf03", "noofsongs": "Goldie", "curator": "braylawrencej5", "listeners": "1,264", "streams": "1,583", "date": "Oct 31, 2021", "revenue": 9.5}, "INTERNET GEMS": {"rank": "57", "playlistname": "INTERNET GEMS", "noofsongs": "Street Therapy", "curator": "Happy Genius", "listeners": "1,281", "streams": "1,548", "date": "\u2014", "revenue": 9.29}, "VIRAL RAP": {"rank": "58", "playlistname": "VIRAL RAP", "noofsongs": "Street Therapy", "curator": "AUX GOD", "listeners": "1,184", "streams": "1,427", "date": "\u2014", "revenue": 8.56}, "TikTok Songs 2021\ud83e\udd8b | from tha back x miss the rage remix mashup tik | love nwantiti tiktok version": {"rank": "59", "playlistname": "TikTok Songs 2021\ud83e\udd8b | from tha back x miss the rage remix mashup tik | love nwantiti tiktok version", "noofsongs": "Street Therapy", "curator": "Maeve", "listeners": "1,078", "streams": "1,416", "date": "\u2014", "revenue": 8.5}, "tiktok songs november 2021": {"rank": "60", "playlistname": "tiktok songs november 2021", "noofsongs": "Street Therapy", "curator": "Maeve", "listeners": "1,032", "streams": "1,262", "date": "\u2014", "revenue": 7.57}, "VANO 3000 [adult swim]": {"rank": "61", "playlistname": "VANO 3000 [adult swim]", "noofsongs": "Goldie", "curator": "sarah smorholm", "listeners": "710", "streams": "1,229", "date": "Oct 15, 2021", "revenue": 7.37}, "Depressed :)": {"rank": "62", "playlistname": "Depressed :)", "noofsongs": "Goldie", "curator": "Rene", "listeners": "519", "streams": "872", "date": "\u2014", "revenue": 5.23}, "\ud83d\udca5That go crazy playlist \ud83d\udca5": {"rank": "63", "playlistname": "\ud83d\udca5That go crazy playlist \ud83d\udca5", "noofsongs": "Street Therapy", "curator": "BhramaBull", "listeners": "268", "streams": "760", "date": "Nov 11, 2021", "revenue": 4.56}, "Hot Hits Global - Today's Top Hits 2021 (Pop Rap & RnB) Top Hits of Todays Music | Top Pop Hits |POP": {"rank": "64", "playlistname": "Hot Hits Global - Today's Top Hits 2021 (Pop Rap & RnB) Top Hits of Todays Music | Top Pop Hits |POP", "noofsongs": "Goldie", "curator": "Lux Thugs", "listeners": "523", "streams": "737", "date": "Nov 19, 2021", "revenue": 4.42}, "BEST HIP-HOP 2021 \ud83d\udd25 ~ Top Rap Bangers ~ Mugatunes": {"rank": "65", "playlistname": "BEST HIP-HOP 2021 \ud83d\udd25 ~ Top Rap Bangers ~ Mugatunes", "noofsongs": "Street Therapy", "curator": "mugatunes", "listeners": "475", "streams": "651", "date": "Jun 7, 2021", "revenue": 3.91}, "Astronaut In The Ocean\ud83d\udd25": {"rank": "66", "playlistname": "Astronaut In The Ocean\ud83d\udd25", "noofsongs": "Goldie", "curator": "Frank Strudahl Hansen", "listeners": "433", "streams": "651", "date": "Sep 29, 2021", "revenue": 3.91}, "TIKTOK HITS | Dj Noiz neon moon remix,Love Nwantiti,Food Dance,Tetema Maluma, Moreart,Meet Me At Our": {"rank": "67", "playlistname": "TIKTOK HITS | Dj Noiz neon moon remix,Love Nwantiti,Food Dance,Tetema Maluma, Moreart,Meet Me At Our", "noofsongs": "Goldie", "curator": "AfrobeatsGlobalPlaylists", "listeners": "545", "streams": "643", "date": "Jun 11, 2021", "revenue": 3.86}, "BhramaBull\u2019s Gryndfest Playlist": {"rank": "68", "playlistname": "BhramaBull\u2019s Gryndfest Playlist", "noofsongs": "Street Therapy", "curator": "BhramaBull", "listeners": "368", "streams": "637", "date": "Nov 7, 2021", "revenue": 3.82}, "Canciones para dormir": {"rank": "69", "playlistname": "Canciones para dormir", "noofsongs": "Goldie", "curator": "Francisco Ruiz", "listeners": "446", "streams": "628", "date": "Oct 12, 2021", "revenue": 3.77}, "Tiktok Songs 2021\ud83d\udcab | eat your vegetables mashup | watermelon sugar seaside | playdate build a bitch": {"rank": "70", "playlistname": "Tiktok Songs 2021\ud83d\udcab | eat your vegetables mashup | watermelon sugar seaside | playdate build a bitch", "noofsongs": "Street Therapy", "curator": "Maeve", "listeners": "510", "streams": "621", "date": "\u2014", "revenue": 3.73}, "Vibes You Need in Your Rotation \ud83c\udf0a ": {"rank": "71", "playlistname": "Vibes You Need in Your Rotation \ud83c\udf0a ", "noofsongs": "Street Therapy", "curator": "Masked Mortal Music", "listeners": "443", "streams": "599", "date": "Nov 3, 2021", "revenue": 3.59}, "Drill Zone": {"rank": "72", "playlistname": "Drill Zone", "noofsongs": "What Can You Say", "curator": "Music Trap Italy", "listeners": "523", "streams": "592", "date": "Oct 15, 2021", "revenue": 3.55}, "HIP HOP / TRAP & DRILL": {"rank": "73", "playlistname": "HIP HOP / TRAP & DRILL", "noofsongs": "Street Therapy", "curator": "ATLANTIS 2", "listeners": "370", "streams": "592", "date": "\u2014", "revenue": 3.55}, "TRAP GRINGO HITS 2021 \ud83e\udd8b": {"rank": "74", "playlistname": "TRAP GRINGO HITS 2021 \ud83e\udd8b", "noofsongs": "Frustrated", "curator": "EssePify \ud83c\udf31", "listeners": "440", "streams": "563", "date": "Jul 14, 2021", "revenue": 3.38}, "Kanye West - Donda (Deluxe)": {"rank": "75", "playlistname": "Kanye West - Donda (Deluxe)", "noofsongs": "Street Therapy", "curator": "Capsule Music", "listeners": "414", "streams": "554", "date": "\u2014", "revenue": 3.32}, "Fortnite Highlights 2021": {"rank": "76", "playlistname": "Fortnite Highlights 2021", "noofsongs": "Street Therapy", "curator": "KryyX", "listeners": "263", "streams": "418", "date": "Oct 5, 2021", "revenue": 2.51}, "Trap City": {"rank": "77", "playlistname": "Trap City", "noofsongs": "Street Therapy", "curator": "Steve Jonson", "listeners": "382", "streams": "397", "date": "Nov 10, 2021", "revenue": 2.38}, "Trap Nation": {"rank": "78", "playlistname": "Trap Nation", "noofsongs": "Street Therapy", "curator": "Steve Jonson", "listeners": "380", "streams": "394", "date": "Nov 10, 2021", "revenue": 2.36}, "Chill Hip Hop - Rap & Hip Hop Music 2021 ": {"rank": "79", "playlistname": "Chill Hip Hop - Rap & Hip Hop Music 2021 ", "noofsongs": "Goldie", "curator": "Filet Flows", "listeners": "278", "streams": "370", "date": "Jul 29, 2021", "revenue": 2.22}, "Rap Vibes 2021 \ud83d\udca4": {"rank": "80", "playlistname": "Rap Vibes 2021 \ud83d\udca4", "noofsongs": "Basquiat (Interlude)", "curator": "Zzz", "listeners": "308", "streams": "366", "date": "Jun 13, 2021", "revenue": 2.2}, "Trap vibes": {"rank": "81", "playlistname": "Trap vibes", "noofsongs": "Street Therapy", "curator": "Samir", "listeners": "284", "streams": "362", "date": "Oct 1, 2021", "revenue": 2.17}, "BEAST MODE MOTIVATION ": {"rank": "82", "playlistname": "BEAST MODE MOTIVATION ", "noofsongs": "Street Therapy", "curator": "Miguel Alba", "listeners": "220", "streams": "325", "date": "\u2014", "revenue": 1.95}, "HIP HOP COLLECTION": {"rank": "83", "playlistname": "HIP HOP COLLECTION", "noofsongs": "Street Therapy", "curator": "Kosa", "listeners": "253", "streams": "324", "date": "Oct 1, 2021", "revenue": 1.94}, "GYM HYPE": {"rank": "84", "playlistname": "GYM HYPE", "noofsongs": "Street Therapy", "curator": "CameronTurner", "listeners": "198", "streams": "319", "date": "Oct 10, 2021", "revenue": 1.91}, "tiktok november 2021": {"rank": "85", "playlistname": "tiktok november 2021", "noofsongs": "Street Therapy", "curator": "clauloopezz", "listeners": "218", "streams": "302", "date": "Oct 1, 2021", "revenue": 1.81}, "Meek Mill - Expensive Pain (Album)": {"rank": "86", "playlistname": "Meek Mill - Expensive Pain (Album)", "noofsongs": "Street Therapy", "curator": "Capsule Music", "listeners": "178", "streams": "297", "date": "\u2014", "revenue": 1.78}, "HIP HOP TALENT 2021": {"rank": "87", "playlistname": "HIP HOP TALENT 2021", "noofsongs": "Street Therapy", "curator": "Opae", "listeners": "202", "streams": "295", "date": "Oct 9, 2021", "revenue": 1.77}, "Stoner Vibes \ud83d\udca8": {"rank": "88", "playlistname": "Stoner Vibes \ud83d\udca8", "noofsongs": "Goldie", "curator": "Axel Anakin Abela", "listeners": "239", "streams": "289", "date": "Jul 11, 2021", "revenue": 1.73}, "Young Thug - Punk (Album)": {"rank": "89", "playlistname": "Young Thug - Punk (Album)", "noofsongs": "Street Therapy", "curator": "Capsule Music", "listeners": "151", "streams": "278", "date": "\u2014", "revenue": 1.67}, "POP 2021 - Today's Top Pop Hits (POP music) Hot Hits UK | POP | RnB POP | POP RAP | US POP | UK POP ": {"rank": "90", "playlistname": "POP 2021 - Today's Top Pop Hits (POP music) Hot Hits UK | POP | RnB POP | POP RAP | US POP | UK POP ", "noofsongs": "Goldie", "curator": "Lux Thugs", "listeners": "163", "streams": "266", "date": "Nov 17, 2021", "revenue": 1.6}, "HIP HOP RHYTHM": {"rank": "91", "playlistname": "HIP HOP RHYTHM", "noofsongs": "Street Therapy", "curator": "Weri", "listeners": "172", "streams": "239", "date": "Oct 9, 2021", "revenue": 1.43}, "Smoking Weed Music": {"rank": "92", "playlistname": "Smoking Weed Music", "noofsongs": "2 songs", "curator": "Cece", "listeners": "94", "streams": "233", "date": "Nov 6, 2021", "revenue": 1.4}, "Chillout Hip Hop / Smooth Rap": {"rank": "93", "playlistname": "Chillout Hip Hop / Smooth Rap", "noofsongs": "Goldie", "curator": "Marco Pizarro", "listeners": "150", "streams": "232", "date": "Jun 3, 2021", "revenue": 1.39}, "Polo G - Hall of Fame 2.0 (Album Deluxe)": {"rank": "94", "playlistname": "Polo G - Hall of Fame 2.0 (Album Deluxe)", "noofsongs": "Street Therapy", "curator": "Capsule Music", "listeners": "152", "streams": "196", "date": "\u2014", "revenue": 1.18}, "\ud83d\ude36\u200d\ud83c\udf2b\ufe0f Real Boom Bap \ud83d\udca5 ": {"rank": "95", "playlistname": "\ud83d\ude36\u200d\ud83c\udf2b\ufe0f Real Boom Bap \ud83d\udca5 ", "noofsongs": "Street Therapy", "curator": "BhramaBull", "listeners": "90", "streams": "172", "date": "Nov 9, 2021", "revenue": 1.03}, "Unknown100": {"rank": "96", "playlistname": "Unknown", "noofsongs": "Street Therapy", "curator": "THEO-LV PRODUCTION", "listeners": "102", "streams": "167", "date": "Aug 5, 2021", "revenue": 1.0}, "Bad bitch playlist\ud83d\udc95": {"rank": "97", "playlistname": "Bad bitch playlist\ud83d\udc95", "noofsongs": "Goldie", "curator": "Emma B\u00f8rslien", "listeners": "118", "streams": "147", "date": "Jul 14, 2021", "revenue": 0.88}, "oldies but goodies": {"rank": "98", "playlistname": "oldies but goodies", "noofsongs": "Goldie", "curator": "Morgan Bader", "listeners": "97", "streams": "110", "date": "\u2014", "revenue": 0.66}}