{"GYM MODO BESTIA \ud83d\udcaa\ud83c\udffb": {"rank": "1", "playlistname": "GYM MODO BESTIA \ud83d\udcaa\ud83c\udffb", "noofsongs": "Street Therapy", "curator": "Brave Records", "listeners": "8,815", "streams": "11,183", "date": "Aug 3, 2021", "revenue": 67.1}, "Rap hits USA": {"rank": "2", "playlistname": "Rap hits USA", "noofsongs": "7 songs", "curator": "Dopenessoverload", "listeners": "14", "streams": "5,426", "date": "Feb 22, 2022", "revenue": 32.56}, "Throwback Bangers \ud83d\udd25\ud83d\udd25\ud83d\udd25": {"rank": "3", "playlistname": "Throwback Bangers \ud83d\udd25\ud83d\udd25\ud83d\udd25", "noofsongs": "3 songs", "curator": "chris.simpson99", "listeners": "2,629", "streams": "4,141", "date": "Oct 16, 2021", "revenue": 24.85}, "BEST OF JUICE WRLD \ud83c\udf0e\ud83d\udd4a": {"rank": "4", "playlistname": "BEST OF JUICE WRLD \ud83c\udf0e\ud83d\udd4a", "noofsongs": "Do It Right", "curator": "Hiphop Heaven", "listeners": "1,099", "streams": "1,364", "date": "Feb 21, 2022", "revenue": 8.18}, "Rap Song US \ud83d\udea9": {"rank": "5", "playlistname": "Rap Song US \ud83d\udea9", "noofsongs": "7 songs", "curator": "luna James", "listeners": "7", "streams": "1,181", "date": "Feb 22, 2022", "revenue": 7.09}, "Chill rap vibes": {"rank": "6", "playlistname": "Chill rap vibes", "noofsongs": "Do It Right", "curator": "Masked Mortal Music", "listeners": "867", "streams": "1,101", "date": "Jan 31, 2022", "revenue": 6.61}, "Dangerously In Love (772 Love Pt. 2) \u2013 YNW Melly": {"rank": "7", "playlistname": "Dangerously In Love (772 Love Pt. 2) \u2013 YNW Melly", "noofsongs": "Do It Right", "curator": "\ud835\udd93\ud835\udd8e\ud835\udd96", "listeners": "541", "streams": "723", "date": "Feb 22, 2022", "revenue": 4.34}, "Ami Rap 2021\ud83e\udd76\ud83d\udd25": {"rank": "8", "playlistname": "Ami Rap 2021\ud83e\udd76\ud83d\udd25", "noofsongs": "5 songs", "curator": "IG: nilss.hsm", "listeners": "254", "streams": "578", "date": "Sep 30, 2021", "revenue": 3.47}, "TRAP YANKEE \ud83c\uddfa\ud83c\uddf8": {"rank": "9", "playlistname": "TRAP YANKEE \ud83c\uddfa\ud83c\uddf8", "noofsongs": "Do It Right", "curator": "Facu Murillo", "listeners": "434", "streams": "566", "date": "Feb 18, 2022", "revenue": 3.4}, "NLE Choppa - Beat Box \u201cFirst Day Out\u201d": {"rank": "10", "playlistname": "NLE Choppa - Beat Box \u201cFirst Day Out\u201d", "noofsongs": "6 songs", "curator": "Aaron", "listeners": "199", "streams": "501", "date": "Jul 9, 2021", "revenue": 3.01}, "Unknown69": {"rank": "11", "playlistname": "Unknown", "noofsongs": "4 songs", "curator": "FionnMc2003", "listeners": "170", "streams": "501", "date": "Sep 12, 2021", "revenue": 3.01}, "No Billboards - Rap & Hip Hop Playlist 2022": {"rank": "12", "playlistname": "No Billboards - Rap & Hip Hop Playlist 2022", "noofsongs": "Do It Right", "curator": "No Billboards", "listeners": "353", "streams": "443", "date": "Dec 15, 2021", "revenue": 2.66}, "Grind Time ": {"rank": "13", "playlistname": "Grind Time ", "noofsongs": "Street Therapy", "curator": "Bailey Walsh", "listeners": "286", "streams": "332", "date": "\u2014", "revenue": 1.99}, "Trap Music 2022 \ud83d\ude08\ud83d\udd25\ud83d\udcaf": {"rank": "14", "playlistname": "Trap Music 2022 \ud83d\ude08\ud83d\udd25\ud83d\udcaf", "noofsongs": "Do It Right", "curator": "Legendary Super Saiyan Broly:)", "listeners": "286", "streams": "312", "date": "Feb 21, 2022", "revenue": 1.87}, "Dirty Songs \ud83d\ude0f\ud83d\ude08\ud83d\udc8b": {"rank": "15", "playlistname": "Dirty Songs \ud83d\ude0f\ud83d\ude08\ud83d\udc8b", "noofsongs": "Do It Right", "curator": "Kt's WRLD \ud83e\udd8b\ud83c\udf0e\ud83e\udd74", "listeners": "297", "streams": "310", "date": "Feb 21, 2022", "revenue": 1.86}, "Sad Vibes ": {"rank": "16", "playlistname": "Sad Vibes ", "noofsongs": "Goldie", "curator": "XINCLAIR", "listeners": "238", "streams": "292", "date": "Feb 21, 2022", "revenue": 1.75}, "RAP MOTIVATION \ud83d\udcaa\ud83c\udffc2022 \ud83d\udd25": {"rank": "17", "playlistname": "RAP MOTIVATION \ud83d\udcaa\ud83c\udffc2022 \ud83d\udd25", "noofsongs": "Do It Right", "curator": "Riki Playlister", "listeners": "230", "streams": "264", "date": "Dec 8, 2021", "revenue": 1.58}, "Sad Face ": {"rank": "18", "playlistname": "Sad Face ", "noofsongs": "Goldie", "curator": "XINCLAIR", "listeners": "188", "streams": "254", "date": "Feb 21, 2022", "revenue": 1.52}, "WEED PLAYLIST 2022": {"rank": "19", "playlistname": "WEED PLAYLIST 2022", "noofsongs": "2 songs", "curator": "Hype ur Track", "listeners": "161", "streams": "241", "date": "Sep 20, 2021", "revenue": 1.45}, "Chicago Drill": {"rank": "20", "playlistname": "Chicago Drill", "noofsongs": "Do It Right", "curator": "carteralv", "listeners": "193", "streams": "238", "date": "Feb 21, 2022", "revenue": 1.43}, "Chill Hip Hop - Rap & Hip Hop Music 2021 ": {"rank": "21", "playlistname": "Chill Hip Hop - Rap & Hip Hop Music 2021 ", "noofsongs": "2 songs", "curator": "Filet Flows", "listeners": "120", "streams": "214", "date": "Jul 29, 2021", "revenue": 1.28}, "Filet Flows Rap Playlist 2022": {"rank": "22", "playlistname": "Filet Flows Rap Playlist 2022", "noofsongs": "Do It Right", "curator": "Cody Lucero", "listeners": "167", "streams": "206", "date": "Dec 15, 2021", "revenue": 1.24}, "VANO 3000 [adult swim]": {"rank": "23", "playlistname": "VANO 3000 [adult swim]", "noofsongs": "Goldie", "curator": "sarah smorholm", "listeners": "142", "streams": "201", "date": "Oct 15, 2021", "revenue": 1.21}, "Demon Mode \ud83d\ude80\ud83d\ude80": {"rank": "24", "playlistname": "Demon Mode \ud83d\ude80\ud83d\ude80", "noofsongs": "Street Therapy", "curator": "Nethmin", "listeners": "180", "streams": "198", "date": "Dec 19, 2021", "revenue": 1.19}, "foolin around yvngxchris (unreleased)": {"rank": "25", "playlistname": "foolin around yvngxchris (unreleased)", "noofsongs": "Do It Right", "curator": "@codymgmt", "listeners": "115", "streams": "187", "date": "Feb 21, 2022", "revenue": 1.12}, "Came From Nothin": {"rank": "26", "playlistname": "Came From Nothin", "noofsongs": "Goldie", "curator": "Don\u2019t Regret This", "listeners": "154", "streams": "171", "date": "Oct 28, 2021", "revenue": 1.03}, "Rap Tune": {"rank": "27", "playlistname": "Rap Tune", "noofsongs": "2 songs", "curator": "Bryan Scott", "listeners": "69", "streams": "144", "date": "Jan 8, 2022", "revenue": 0.86}, "Bad Gurl": {"rank": "28", "playlistname": "Bad Gurl", "noofsongs": "Street Therapy", "curator": "Black is New Color", "listeners": "140", "streams": "142", "date": "Oct 28, 2021", "revenue": 0.85}, "\ud83d\udd25\ud83c\udfc0HYPE Basket warmup list": {"rank": "29", "playlistname": "\ud83d\udd25\ud83c\udfc0HYPE Basket warmup list", "noofsongs": "4 songs", "curator": "Nikolaj Klinge", "listeners": "67", "streams": "124", "date": "Jul 12, 2021", "revenue": 0.74}, "f*ck me like you want me": {"rank": "30", "playlistname": "f*ck me like you want me", "noofsongs": "Do It Right", "curator": "@codymgmt", "listeners": "84", "streams": "122", "date": "Feb 21, 2022", "revenue": 0.73}, "Top Hits USA 2022": {"rank": "31", "playlistname": "Top Hits USA 2022", "noofsongs": "6 songs", "curator": "gianna Mateo", "listeners": "2", "streams": "105", "date": "Feb 23, 2022", "revenue": 0.63}, "tik tok songs that are actually good": {"rank": "32", "playlistname": "tik tok songs that are actually good", "noofsongs": "Do It Right", "curator": "lana lopez", "listeners": "85", "streams": "101", "date": "Feb 18, 2022", "revenue": 0.61}, "Chill rap vibes 2022": {"rank": "33", "playlistname": "Chill rap vibes 2022", "noofsongs": "Goldie", "curator": "Hiphoplists", "listeners": "87", "streams": "96", "date": "Sep 25, 2021", "revenue": 0.58}, "Weekend Mood": {"rank": "34", "playlistname": "Weekend Mood", "noofsongs": "Do It Right", "curator": "moods.network", "listeners": "73", "streams": "81", "date": "Feb 18, 2022", "revenue": 0.49}, "I got a lil olda, my heart got colder\ud83d\udc94": {"rank": "35", "playlistname": "I got a lil olda, my heart got colder\ud83d\udc94", "noofsongs": "Do It Right", "curator": "@codymgmt", "listeners": "64", "streams": "79", "date": "Feb 21, 2022", "revenue": 0.47}, "Tiktok Global Hits\u2022 Bong Bing Cristale \u2022 Yonce Remix LV \u2022Keep On Rollin King G\u2022 Touch X Dougie Remix": {"rank": "36", "playlistname": "Tiktok Global Hits\u2022 Bong Bing Cristale \u2022 Yonce Remix LV \u2022Keep On Rollin King G\u2022 Touch X Dougie Remix", "noofsongs": "Goldie", "curator": "AfrobeatsGlobalPlaylists", "listeners": "67", "streams": "76", "date": "Jun 11, 2021", "revenue": 0.46}, "Astronaut In The Ocean\ud83d\udd25": {"rank": "37", "playlistname": "Astronaut In The Ocean\ud83d\udd25", "noofsongs": "Goldie", "curator": "Frank Strudahl Hansen", "listeners": "51", "streams": "74", "date": "Sep 29, 2021", "revenue": 0.44}, "Tik tok slowed+reverb\ud83c\udfb6\ud83d\udc8b": {"rank": "38", "playlistname": "Tik tok slowed+reverb\ud83c\udfb6\ud83d\udc8b", "noofsongs": "Street Therapy", "curator": "Harshika\u2728", "listeners": "47", "streams": "68", "date": "Oct 3, 2021", "revenue": 0.41}, "Unknown68": {"rank": "39", "playlistname": "Unknown", "noofsongs": "Goldie", "curator": "Francisco Ruiz", "listeners": "50", "streams": "64", "date": "Oct 12, 2021", "revenue": 0.38}, "SAMURAI CHAMPLOO ": {"rank": "40", "playlistname": "SAMURAI CHAMPLOO ", "noofsongs": "2 songs", "curator": "Phyllis Chen", "listeners": "55", "streams": "61", "date": "Dec 17, 2021", "revenue": 0.37}, "Chillout Hip Hop / Smooth Rap": {"rank": "41", "playlistname": "Chillout Hip Hop / Smooth Rap", "noofsongs": "Goldie", "curator": "Marco Pizarro", "listeners": "53", "streams": "59", "date": "Jun 3, 2021", "revenue": 0.35}, "GYM HYPE": {"rank": "42", "playlistname": "GYM HYPE", "noofsongs": "Street Therapy", "curator": "Bailey Walsh", "listeners": "40", "streams": "52", "date": "Oct 10, 2021", "revenue": 0.31}, "Sexy Beats": {"rank": "43", "playlistname": "Sexy Beats", "noofsongs": "Street Therapy", "curator": "Jordan Walt", "listeners": "31", "streams": "51", "date": "Dec 6, 2021", "revenue": 0.31}, "tiktok songs slowed 2022": {"rank": "44", "playlistname": "tiktok songs slowed 2022", "noofsongs": "Street Therapy", "curator": "SoundWave", "listeners": "32", "streams": "44", "date": "Sep 22, 2021", "revenue": 0.26}, "Smoking Weed Music": {"rank": "45", "playlistname": "Smoking Weed Music", "noofsongs": "2 songs", "curator": "Cece", "listeners": "28", "streams": "42", "date": "Nov 6, 2021", "revenue": 0.25}, "SHEESH \ud83d\udcaf\ud83e\udd18\ud83c\udffc": {"rank": "46", "playlistname": "SHEESH \ud83d\udcaf\ud83e\udd18\ud83c\udffc", "noofsongs": "Street Therapy", "curator": "Pascal Su", "listeners": "33", "streams": "40", "date": "Jul 23, 2021", "revenue": 0.24}, "The Playlist of Greek Gods": {"rank": "47", "playlistname": "The Playlist of Greek Gods", "noofsongs": "2 songs", "curator": "Aidan M", "listeners": "27", "streams": "37", "date": "Sep 5, 2021", "revenue": 0.22}, "GYM Modo Bestia 2022\ud83d\udcaa\ud83c\udffb": {"rank": "48", "playlistname": "GYM Modo Bestia 2022\ud83d\udcaa\ud83c\udffb", "noofsongs": "Street Therapy", "curator": "DMONOID", "listeners": "32", "streams": "36", "date": "Oct 19, 2021", "revenue": 0.22}, "Music for weed lovers": {"rank": "49", "playlistname": "Music for weed lovers", "noofsongs": "2 songs", "curator": "music lover", "listeners": "17", "streams": "33", "date": "Sep 15, 2021", "revenue": 0.2}, "Chilliger Amirap\ud83c\udf41": {"rank": "50", "playlistname": "Chilliger Amirap\ud83c\udf41", "noofsongs": "5 songs", "curator": "Lukas Arnold", "listeners": "23", "streams": "29", "date": "Nov 1, 2021", "revenue": 0.17}, "Fortnite Highlights 2021": {"rank": "51", "playlistname": "Fortnite Highlights 2021", "noofsongs": "Street Therapy", "curator": "KryyX", "listeners": "23", "streams": "28", "date": "Oct 5, 2021", "revenue": 0.17}, "Big Bootie Mix Vol. 18 ~ Two Friends": {"rank": "52", "playlistname": "Big Bootie Mix Vol. 18 ~ Two Friends", "noofsongs": "Street Therapy", "curator": "ispytunes", "listeners": "25", "streams": "25", "date": "Jul 22, 2021", "revenue": 0.15}, "Unknown58": {"rank": "53", "playlistname": "Unknown", "noofsongs": "Goldie", "curator": "clara siberg", "listeners": "18", "streams": "24", "date": "Oct 29, 2021", "revenue": 0.14}, "Dark Night ": {"rank": "54", "playlistname": "Dark Night ", "noofsongs": "Goldie", "curator": "Diego Carballo", "listeners": "20", "streams": "21", "date": "Jan 19, 2022", "revenue": 0.13}, "Bad bitch playlist\ud83d\udc95": {"rank": "55", "playlistname": "Bad bitch playlist\ud83d\udc95", "noofsongs": "Goldie", "curator": "Emma B\u00f8rslien", "listeners": "18", "streams": "18", "date": "Jul 14, 2021", "revenue": 0.11}, "HIP HOP WORKOUT \ud83c\udfcb\ufe0f": {"rank": "56", "playlistname": "HIP HOP WORKOUT \ud83c\udfcb\ufe0f", "noofsongs": "3 songs", "curator": "Riki Playlister", "listeners": "10", "streams": "17", "date": "May 25, 2021", "revenue": 0.1}, "Brassica 2022 Official Playlist": {"rank": "57", "playlistname": "Brassica 2022 Official Playlist", "noofsongs": "Do It Right", "curator": "brassicaadmin", "listeners": "4", "streams": "16", "date": "Jan 9, 2022", "revenue": 0.1}, "RUNNING RAP 2022 \ud83e\udd47": {"rank": "58", "playlistname": "RUNNING RAP 2022 \ud83e\udd47", "noofsongs": "2 songs", "curator": "Guillermo Prudenciano Martin", "listeners": "11", "streams": "15", "date": "Jun 2, 2021", "revenue": 0.09}, "hip hopzinho 00s": {"rank": "59", "playlistname": "hip hopzinho 00s", "noofsongs": "Goldie", "curator": "N\u00c3O TENHO ROUPA", "listeners": "8", "streams": "14", "date": "Aug 26, 2021", "revenue": 0.08}, "Boom Bap & Wu-Tang & Chill Hop": {"rank": "60", "playlistname": "Boom Bap & Wu-Tang & Chill Hop", "noofsongs": "Goldie", "curator": "Larry Hip-Hop Head", "listeners": "4", "streams": "13", "date": "May 13, 2021", "revenue": 0.08}, "tiktok february 2022": {"rank": "61", "playlistname": "tiktok february 2022", "noofsongs": "Street Therapy", "curator": "clauloopezz", "listeners": "10", "streams": "12", "date": "Oct 1, 2021", "revenue": 0.07}, "low vibe rap": {"rank": "62", "playlistname": "low vibe rap", "noofsongs": "Goldie", "curator": "freshgoodies", "listeners": "9", "streams": "10", "date": "Feb 21, 2022", "revenue": 0.06}, "Sad Like Bart": {"rank": "63", "playlistname": "Sad Like Bart", "noofsongs": "Do It Right", "curator": "Sad Like", "listeners": "7", "streams": "10", "date": "Feb 23, 2022", "revenue": 0.06}, "Gaming Trap & Rap | Gaming Music 2021 | ": {"rank": "64", "playlistname": "Gaming Trap & Rap | Gaming Music 2021 | ", "noofsongs": "Street Therapy", "curator": "Apg.music", "listeners": "9", "streams": "9", "date": "Jun 21, 2021", "revenue": 0.05}, "Chill Songs 2022": {"rank": "65", "playlistname": "Chill Songs 2022", "noofsongs": "Do It Right", "curator": "Vibe Setter", "listeners": "8", "streams": "9", "date": "Feb 23, 2022", "revenue": 0.05}, "PARTY STARTER \ud83d\udca5 | HIP-HOP & RAP ANTHEMS 2022": {"rank": "66", "playlistname": "PARTY STARTER \ud83d\udca5 | HIP-HOP & RAP ANTHEMS 2022", "noofsongs": "Do It Right", "curator": "Playlist Legend", "listeners": "7", "streams": "9", "date": "Feb 22, 2022", "revenue": 0.05}, "Clean Rap Caviar": {"rank": "67", "playlistname": "Clean Rap Caviar", "noofsongs": "Do It Right", "curator": "1210608982", "listeners": "5", "streams": "8", "date": "Dec 8, 2021", "revenue": 0.05}, "New Music: Rap, Hip-Hop, Trap, Pop": {"rank": "68", "playlistname": "New Music: Rap, Hip-Hop, Trap, Pop", "noofsongs": "Street Therapy", "curator": "T", "listeners": "4", "streams": "8", "date": "Jul 19, 2021", "revenue": 0.05}, " \ud835\udce3\ud835\udcd7\ud835\udce4\ud835\udcd6      \ud835\udcdf\ud835\udcea\ud835\udcfb\ud835\udcea\ud835\udced\ud835\udcf2\ud835\udcfc\ud835\udcee.......": {"rank": "69", "playlistname": " \ud835\udce3\ud835\udcd7\ud835\udce4\ud835\udcd6      \ud835\udcdf\ud835\udcea\ud835\udcfb\ud835\udcea\ud835\udced\ud835\udcf2\ud835\udcfc\ud835\udcee.......", "noofsongs": "Goldie", "curator": "freddy", "listeners": "2", "streams": "8", "date": "Sep 13, 2021", "revenue": 0.05}, "V I B E S \ud83d\udca8": {"rank": "70", "playlistname": "V I B E S \ud83d\udca8", "noofsongs": "Goldie", "curator": "Axel Anakin Abela", "listeners": "7", "streams": "7", "date": "Jul 11, 2021", "revenue": 0.04}, "LowKey <3": {"rank": "71", "playlistname": "LowKey <3", "noofsongs": "Do It Right", "curator": "Martin Kang", "listeners": "2", "streams": "7", "date": "\u2014", "revenue": 0.04}, "Qwert ": {"rank": "72", "playlistname": "Qwert ", "noofsongs": "Do It Right", "curator": "greystone04", "listeners": "2", "streams": "7", "date": "Feb 8, 2022", "revenue": 0.04}, "Trap Hit | Rap Hits \u26a1": {"rank": "73", "playlistname": "Trap Hit | Rap Hits \u26a1", "noofsongs": "Street Therapy", "curator": "Sugar Party", "listeners": "6", "streams": "6", "date": "Jun 15, 2021", "revenue": 0.04}, "Rap Vibes 2022 \ud83d\udca4": {"rank": "74", "playlistname": "Rap Vibes 2022 \ud83d\udca4", "noofsongs": "Basquiat (Interlude)", "curator": "Zzz", "listeners": "6", "streams": "6", "date": "Jun 13, 2021", "revenue": 0.04}, "GYM LEG DAY": {"rank": "75", "playlistname": "GYM LEG DAY", "noofsongs": "Street Therapy", "curator": "Ximena Soto", "listeners": "5", "streams": "6", "date": "Dec 14, 2021", "revenue": 0.04}, "\ud83d\ude08": {"rank": "76", "playlistname": "\ud83d\ude08", "noofsongs": "2 songs", "curator": "Lance", "listeners": "2", "streams": "6", "date": "\u2014", "revenue": 0.04}, "\u25cf\u25cb": {"rank": "77", "playlistname": "\u25cf\u25cb", "noofsongs": "Street Therapy", "curator": "Alan Parada", "listeners": "2", "streams": "6", "date": "Jan 27, 2022", "revenue": 0.04}, "HYPED": {"rank": "78", "playlistname": "HYPED", "noofsongs": "Goldie", "curator": "ambertakara", "listeners": "5", "streams": "5", "date": "Jun 23, 2021", "revenue": 0.03}, "Night Check - Underground Hip Hop": {"rank": "79", "playlistname": "Night Check - Underground Hip Hop", "noofsongs": "Real is Back", "curator": "Vlad Dobrescu", "listeners": "5", "streams": "5", "date": "Jan 17, 2021", "revenue": 0.03}, "7220 - Lil Durk (ALBUM)": {"rank": "80", "playlistname": "7220 - Lil Durk (ALBUM)", "noofsongs": "Do It Right", "curator": "@RayRadio_", "listeners": "5", "streams": "5", "date": "Feb 15, 2022", "revenue": 0.03}, "Rap English - Hip Hop 90s & 2000": {"rank": "81", "playlistname": "Rap English - Hip Hop 90s & 2000", "noofsongs": "Do It Right", "curator": "Coweer_Playlist", "listeners": "5", "streams": "5", "date": "Jan 27, 2022", "revenue": 0.03}, "Fishy's chill vibes": {"rank": "82", "playlistname": "Fishy's chill vibes", "noofsongs": "2 songs", "curator": "Le Fishy", "listeners": "3", "streams": "5", "date": "Oct 31, 2021", "revenue": 0.03}, "dracoo ": {"rank": "83", "playlistname": "dracoo ", "noofsongs": "Goldie", "curator": "Char.low", "listeners": "2", "streams": "5", "date": "Dec 10, 2021", "revenue": 0.03}, "Rap": {"rank": "84", "playlistname": "Rap", "noofsongs": "Street Therapy", "curator": "Yamil Almazan", "listeners": "2", "streams": "5", "date": "Jan 10, 2022", "revenue": 0.03}, "summ light": {"rank": "85", "playlistname": "summ light", "noofsongs": "Goldie", "curator": "mooncoffee", "listeners": "2", "streams": "5", "date": "Sep 26, 2021", "revenue": 0.03}, "PJ GYM": {"rank": "86", "playlistname": "PJ GYM", "noofsongs": "Street Therapy", "curator": "Jess", "listeners": "2", "streams": "5", "date": "Jan 30, 2022", "revenue": 0.03}, "POV: You Passed Me The Aux (V.1)": {"rank": "87", "playlistname": "POV: You Passed Me The Aux (V.1)", "noofsongs": "Street Therapy", "curator": "WhoIsTK? (@kingtkmusic)", "listeners": "4", "streams": "4", "date": "Jul 13, 2021", "revenue": 0.02}, "minecraft": {"rank": "88", "playlistname": "minecraft", "noofsongs": "Do It Right", "curator": "sarah smorholm", "listeners": "4", "streams": "4", "date": "Dec 11, 2021", "revenue": 0.02}, "disrespectful / demon time": {"rank": "89", "playlistname": "disrespectful / demon time", "noofsongs": "Street Therapy", "curator": "Lukas Lainsalu", "listeners": "4", "streams": "4", "date": "Aug 12, 2021", "revenue": 0.02}, "HipHop 2022 | Anxiety Coi Leray \u2022 Bussin Nicki Minaj Lil Baby \u2022 Her Sweetie Closer  \u2022 Shenseea Lick ": {"rank": "90", "playlistname": "HipHop 2022 | Anxiety Coi Leray \u2022 Bussin Nicki Minaj Lil Baby \u2022 Her Sweetie Closer  \u2022 Shenseea Lick ", "noofsongs": "Goldie", "curator": "AfrobeatsGlobalPlaylists", "listeners": "3", "streams": "4", "date": "Jun 11, 2021", "revenue": 0.02}, "Hiphop 90\u2019s": {"rank": "91", "playlistname": "Hiphop 90\u2019s", "noofsongs": "Song title not available", "curator": "S", "listeners": "2", "streams": "4", "date": "\u2014", "revenue": 0.02}, "ThisBe2Good": {"rank": "92", "playlistname": "ThisBe2Good", "noofsongs": "Goldie", "curator": "Rowan Gowdy", "listeners": "2", "streams": "4", "date": "Feb 14, 2022", "revenue": 0.02}, "Skulen 2": {"rank": "93", "playlistname": "Skulen 2", "noofsongs": "Song title not available", "curator": "maggib11", "listeners": "2", "streams": "4", "date": "Oct 25, 2021", "revenue": 0.02}, "Rap Hits | Trap Trends 2021 \u26a1 | Hip Hop Hits": {"rank": "94", "playlistname": "Rap Hits | Trap Trends 2021 \u26a1 | Hip Hop Hits", "noofsongs": "Street Therapy", "curator": "Other Way Around", "listeners": "3", "streams": "3", "date": "Jun 13, 2021", "revenue": 0.02}, "Best TikTok Viral Songs 2022 \u26a1\ufe0f": {"rank": "95", "playlistname": "Best TikTok Viral Songs 2022 \u26a1\ufe0f", "noofsongs": "Song title not available", "curator": "Kalon Records", "listeners": "3", "streams": "3", "date": "\u2014", "revenue": 0.02}, "Chill Rap Curren$y Johnny P's Caddy j Cole Money Man pilot talk 4 Blockchain Larry June premo": {"rank": "96", "playlistname": "Chill Rap Curren$y Johnny P's Caddy j Cole Money Man pilot talk 4 Blockchain Larry June premo", "noofsongs": "Do It Right", "curator": "Bigbill_88", "listeners": "3", "streams": "3", "date": "Nov 11, 2021", "revenue": 0.02}, "\u00a1Siento la Testosterona! \ud83c\udfcb\ud83c\udffd\u200d\u2642\ufe0f\ud83d\udd25": {"rank": "97", "playlistname": "\u00a1Siento la Testosterona! \ud83c\udfcb\ud83c\udffd\u200d\u2642\ufe0f\ud83d\udd25", "noofsongs": "Street Therapy", "curator": "\ud835\udde6\ud835\uddfc\ud835\uddf3\u00ed \ud835\uddd4\ud835\ude06\ud835\uddee\ud835\uddf9\ud835\uddee \ud83c\udf52", "listeners": "3", "streams": "3", "date": "Oct 12, 2021", "revenue": 0.02}, "Rap & Hip Hop 2022": {"rank": "98", "playlistname": "Rap & Hip Hop 2022", "noofsongs": "Goldie", "curator": "Kiraz M\u00fczik", "listeners": "3", "streams": "3", "date": "May 28, 2021", "revenue": 0.02}, "Hits Hop \ud83d\udd25": {"rank": "99", "playlistname": "Hits Hop \ud83d\udd25", "noofsongs": "Song title not available", "curator": "Thastreams", "listeners": "3", "streams": "3", "date": "Jun 13, 2021", "revenue": 0.02}, "High music- jack": {"rank": "100", "playlistname": "High music- jack", "noofsongs": "Goldie", "curator": "jackboyo", "listeners": "2", "streams": "3", "date": "Oct 25, 2021", "revenue": 0.02}}