{"GYM MODO BESTIA \ud83d\udcaa\ud83c\udffb": {"rank": "1", "playlistname": "GYM MODO BESTIA \ud83d\udcaa\ud83c\udffb", "noofsongs": "Street Therapy", "curator": "Brave Records", "listeners": "29,454", "streams": "45,259", "date": "Aug 3, 2021", "revenue": 271.55}, "Throwback Bangers \ud83d\udd25\ud83d\udd25\ud83d\udd25": {"rank": "2", "playlistname": "Throwback Bangers \ud83d\udd25\ud83d\udd25\ud83d\udd25", "noofsongs": "4 songs", "curator": "chris.simpson99", "listeners": "13,492", "streams": "25,791", "date": "Oct 16, 2021", "revenue": 154.75}, "Chill rap vibes": {"rank": "3", "playlistname": "Chill rap vibes", "noofsongs": "Do It Right", "curator": "Masked Mortal Music", "listeners": "3,232", "streams": "5,527", "date": "Jan 31, 2022", "revenue": 33.16}, "Rap hits USA": {"rank": "4", "playlistname": "Rap hits USA", "noofsongs": "7 songs", "curator": "Dopenessoverload", "listeners": "14", "streams": "5,426", "date": "Feb 22, 2022", "revenue": 32.56}, "Ami Rap 2021\ud83e\udd76\ud83d\udd25": {"rank": "5", "playlistname": "Ami Rap 2021\ud83e\udd76\ud83d\udd25", "noofsongs": "5 songs", "curator": "IG: nilss.hsm", "listeners": "1,068", "streams": "3,296", "date": "Sep 30, 2021", "revenue": 19.78}, "Unknown87": {"rank": "6", "playlistname": "Unknown", "noofsongs": "4 songs", "curator": "FionnMc2003", "listeners": "650", "streams": "2,150", "date": "Sep 12, 2021", "revenue": 12.9}, "No Billboards - Rap & Hip Hop Playlist 2022": {"rank": "7", "playlistname": "No Billboards - Rap & Hip Hop Playlist 2022", "noofsongs": "Do It Right", "curator": "No Billboards", "listeners": "1,355", "streams": "2,096", "date": "Dec 15, 2021", "revenue": 12.58}, "NLE Choppa - Beat Box \u201cFirst Day Out\u201d": {"rank": "8", "playlistname": "NLE Choppa - Beat Box \u201cFirst Day Out\u201d", "noofsongs": "6 songs", "curator": "Aaron", "listeners": "679", "streams": "1,954", "date": "Jul 9, 2021", "revenue": 11.72}, "Grind Time ": {"rank": "9", "playlistname": "Grind Time ", "noofsongs": "Street Therapy", "curator": "Bailey Walsh", "listeners": "1,045", "streams": "1,775", "date": "\u2014", "revenue": 10.65}, "BEST OF JUICE WRLD \ud83c\udf0e\ud83d\udd4a": {"rank": "10", "playlistname": "BEST OF JUICE WRLD \ud83c\udf0e\ud83d\udd4a", "noofsongs": "Do It Right", "curator": "Hiphop Heaven", "listeners": "1,099", "streams": "1,364", "date": "Feb 21, 2022", "revenue": 8.18}, "Rap Song US \ud83d\udea9": {"rank": "11", "playlistname": "Rap Song US \ud83d\udea9", "noofsongs": "7 songs", "curator": "luna James", "listeners": "7", "streams": "1,181", "date": "Feb 22, 2022", "revenue": 7.09}, "Chill Hip Hop - Rap & Hip Hop Music 2021 ": {"rank": "12", "playlistname": "Chill Hip Hop - Rap & Hip Hop Music 2021 ", "noofsongs": "2 songs", "curator": "Filet Flows", "listeners": "522", "streams": "1,042", "date": "Jul 29, 2021", "revenue": 6.25}, "RAP MOTIVATION \ud83d\udcaa\ud83c\udffc2022 \ud83d\udd25": {"rank": "13", "playlistname": "RAP MOTIVATION \ud83d\udcaa\ud83c\udffc2022 \ud83d\udd25", "noofsongs": "Do It Right", "curator": "Riki Playlister", "listeners": "737", "streams": "1,033", "date": "Dec 8, 2021", "revenue": 6.2}, "Rap Gold": {"rank": "14", "playlistname": "Rap Gold", "noofsongs": "Do It Right", "curator": "Marc", "listeners": "432", "streams": "981", "date": "\u2014", "revenue": 5.89}, "Demon Mode \ud83d\ude80\ud83d\ude80": {"rank": "15", "playlistname": "Demon Mode \ud83d\ude80\ud83d\ude80", "noofsongs": "Street Therapy", "curator": "Nethmin", "listeners": "668", "streams": "944", "date": "Dec 19, 2021", "revenue": 5.66}, "Filet Flows Rap Playlist 2022": {"rank": "16", "playlistname": "Filet Flows Rap Playlist 2022", "noofsongs": "Do It Right", "curator": "Cody Lucero", "listeners": "668", "streams": "925", "date": "Dec 15, 2021", "revenue": 5.55}, "VANO 3000 [adult swim]": {"rank": "17", "playlistname": "VANO 3000 [adult swim]", "noofsongs": "Goldie", "curator": "sarah smorholm", "listeners": "514", "streams": "883", "date": "Oct 15, 2021", "revenue": 5.3}, "TRAP YANKEE \ud83c\uddfa\ud83c\uddf8": {"rank": "18", "playlistname": "TRAP YANKEE \ud83c\uddfa\ud83c\uddf8", "noofsongs": "Do It Right", "curator": "Facu Murillo", "listeners": "575", "streams": "774", "date": "Feb 18, 2022", "revenue": 4.64}, "Dangerously In Love (772 Love Pt. 2) \u2013 YNW Melly": {"rank": "19", "playlistname": "Dangerously In Love (772 Love Pt. 2) \u2013 YNW Melly", "noofsongs": "Do It Right", "curator": "\ud835\udd93\ud835\udd8e\ud835\udd96", "listeners": "541", "streams": "723", "date": "Feb 22, 2022", "revenue": 4.34}, "Rap Tune": {"rank": "20", "playlistname": "Rap Tune", "noofsongs": "2 songs", "curator": "Bryan Scott", "listeners": "305", "streams": "643", "date": "Jan 8, 2022", "revenue": 3.86}, "\ud83d\udd25\ud83c\udfc0HYPE Basket warmup list": {"rank": "21", "playlistname": "\ud83d\udd25\ud83c\udfc0HYPE Basket warmup list", "noofsongs": "4 songs", "curator": "Nikolaj Klinge", "listeners": "277", "streams": "612", "date": "Jul 12, 2021", "revenue": 3.67}, "Chill rap vibes 2022": {"rank": "22", "playlistname": "Chill rap vibes 2022", "noofsongs": "Goldie", "curator": "Hiphoplists", "listeners": "341", "streams": "441", "date": "Sep 25, 2021", "revenue": 2.65}, "WEED PLAYLIST 2022": {"rank": "23", "playlistname": "WEED PLAYLIST 2022", "noofsongs": "2 songs", "curator": "Hype ur Track", "listeners": "270", "streams": "385", "date": "Sep 20, 2021", "revenue": 2.31}, "Sexy Beats": {"rank": "24", "playlistname": "Sexy Beats", "noofsongs": "Street Therapy", "curator": "Jordan Walt", "listeners": "222", "streams": "328", "date": "Dec 6, 2021", "revenue": 1.97}, "Beast Mode ": {"rank": "25", "playlistname": "Beast Mode ", "noofsongs": "2 songs", "curator": "Bailey Walsh", "listeners": "242", "streams": "326", "date": "\u2014", "revenue": 1.96}, "Trap Music 2022 \ud83d\ude08\ud83d\udd25\ud83d\udcaf": {"rank": "26", "playlistname": "Trap Music 2022 \ud83d\ude08\ud83d\udd25\ud83d\udcaf", "noofsongs": "Do It Right", "curator": "Legendary Super Saiyan Broly:)", "listeners": "286", "streams": "312", "date": "Feb 21, 2022", "revenue": 1.87}, "Dirty Songs \ud83d\ude0f\ud83d\ude08\ud83d\udc8b": {"rank": "27", "playlistname": "Dirty Songs \ud83d\ude0f\ud83d\ude08\ud83d\udc8b", "noofsongs": "Do It Right", "curator": "Kt's WRLD \ud83e\udd8b\ud83c\udf0e\ud83e\udd74", "listeners": "297", "streams": "310", "date": "Feb 21, 2022", "revenue": 1.86}, "Astronaut In The Ocean\ud83d\udd25": {"rank": "28", "playlistname": "Astronaut In The Ocean\ud83d\udd25", "noofsongs": "Goldie", "curator": "Frank Strudahl Hansen", "listeners": "176", "streams": "299", "date": "Sep 29, 2021", "revenue": 1.79}, "Sad Vibes ": {"rank": "29", "playlistname": "Sad Vibes ", "noofsongs": "Goldie", "curator": "XINCLAIR", "listeners": "238", "streams": "292", "date": "Feb 21, 2022", "revenue": 1.75}, "SAMURAI CHAMPLOO ": {"rank": "30", "playlistname": "SAMURAI CHAMPLOO ", "noofsongs": "2 songs", "curator": "Phyllis Chen", "listeners": "219", "streams": "270", "date": "Dec 17, 2021", "revenue": 1.62}, "Came From Nothin": {"rank": "31", "playlistname": "Came From Nothin", "noofsongs": "Goldie", "curator": "Don\u2019t Regret This", "listeners": "238", "streams": "257", "date": "Oct 28, 2021", "revenue": 1.54}, "Sad Face ": {"rank": "32", "playlistname": "Sad Face ", "noofsongs": "Goldie", "curator": "XINCLAIR", "listeners": "188", "streams": "254", "date": "Feb 21, 2022", "revenue": 1.52}, "Unknown41": {"rank": "33", "playlistname": "Unknown", "noofsongs": "Goldie", "curator": "Francisco Ruiz", "listeners": "188", "streams": "249", "date": "Oct 12, 2021", "revenue": 1.49}, "Chillout Hip Hop / Smooth Rap": {"rank": "34", "playlistname": "Chillout Hip Hop / Smooth Rap", "noofsongs": "Goldie", "curator": "Marco Pizarro", "listeners": "179", "streams": "241", "date": "Jun 3, 2021", "revenue": 1.45}, "Chicago Drill": {"rank": "35", "playlistname": "Chicago Drill", "noofsongs": "Do It Right", "curator": "carteralv", "listeners": "193", "streams": "238", "date": "Feb 21, 2022", "revenue": 1.43}, "Weekend Mood": {"rank": "36", "playlistname": "Weekend Mood", "noofsongs": "Do It Right", "curator": "moods.network", "listeners": "210", "streams": "234", "date": "Feb 18, 2022", "revenue": 1.4}, "Bad Gurl": {"rank": "37", "playlistname": "Bad Gurl", "noofsongs": "Street Therapy", "curator": "Black is New Color", "listeners": "209", "streams": "218", "date": "Oct 28, 2021", "revenue": 1.31}, "Smoking Weed Music": {"rank": "38", "playlistname": "Smoking Weed Music", "noofsongs": "2 songs", "curator": "Cece", "listeners": "112", "streams": "213", "date": "Nov 6, 2021", "revenue": 1.28}, "GYM HYPE": {"rank": "39", "playlistname": "GYM HYPE", "noofsongs": "Street Therapy", "curator": "Bailey Walsh", "listeners": "142", "streams": "208", "date": "Oct 10, 2021", "revenue": 1.25}, "foolin around yvngxchris (unreleased)": {"rank": "40", "playlistname": "foolin around yvngxchris (unreleased)", "noofsongs": "Do It Right", "curator": "@codymgmt", "listeners": "115", "streams": "187", "date": "Feb 21, 2022", "revenue": 1.12}, "Tik tok slowed+reverb\ud83c\udfb6\ud83d\udc8b": {"rank": "41", "playlistname": "Tik tok slowed+reverb\ud83c\udfb6\ud83d\udc8b", "noofsongs": "Street Therapy", "curator": "Harshika\u2728", "listeners": "123", "streams": "183", "date": "Oct 3, 2021", "revenue": 1.1}, "The Playlist of Greek Gods": {"rank": "42", "playlistname": "The Playlist of Greek Gods", "noofsongs": "2 songs", "curator": "Aidan M", "listeners": "94", "streams": "179", "date": "Sep 5, 2021", "revenue": 1.07}, "tiktok songs slowed 2022": {"rank": "43", "playlistname": "tiktok songs slowed 2022", "noofsongs": "Street Therapy", "curator": "SoundWave", "listeners": "104", "streams": "171", "date": "Sep 22, 2021", "revenue": 1.03}, "Music for weed lovers": {"rank": "44", "playlistname": "Music for weed lovers", "noofsongs": "2 songs", "curator": "music lover", "listeners": "70", "streams": "165", "date": "Sep 15, 2021", "revenue": 0.99}, "Tiktok Global Hits\u2022 Bong Bing Cristale \u2022 Yonce Remix LV \u2022Keep On Rollin King G\u2022 Touch X Dougie Remix": {"rank": "45", "playlistname": "Tiktok Global Hits\u2022 Bong Bing Cristale \u2022 Yonce Remix LV \u2022Keep On Rollin King G\u2022 Touch X Dougie Remix", "noofsongs": "Goldie", "curator": "AfrobeatsGlobalPlaylists", "listeners": "121", "streams": "151", "date": "Jun 11, 2021", "revenue": 0.91}, "GYM Modo Bestia 2022\ud83d\udcaa\ud83c\udffb": {"rank": "46", "playlistname": "GYM Modo Bestia 2022\ud83d\udcaa\ud83c\udffb", "noofsongs": "Street Therapy", "curator": "DMONOID", "listeners": "105", "streams": "148", "date": "Oct 19, 2021", "revenue": 0.89}, "Fortnite Highlights 2021": {"rank": "47", "playlistname": "Fortnite Highlights 2021", "noofsongs": "Street Therapy", "curator": "KryyX", "listeners": "93", "streams": "146", "date": "Oct 5, 2021", "revenue": 0.88}, "SHEESH \ud83d\udcaf\ud83e\udd18\ud83c\udffc": {"rank": "48", "playlistname": "SHEESH \ud83d\udcaf\ud83e\udd18\ud83c\udffc", "noofsongs": "Street Therapy", "curator": "Pascal Su", "listeners": "84", "streams": "138", "date": "Jul 23, 2021", "revenue": 0.83}, "tik tok songs that are actually good": {"rank": "49", "playlistname": "tik tok songs that are actually good", "noofsongs": "Do It Right", "curator": "lana lopez", "listeners": "107", "streams": "132", "date": "Feb 18, 2022", "revenue": 0.79}, "f*ck me like you want me": {"rank": "50", "playlistname": "f*ck me like you want me", "noofsongs": "Do It Right", "curator": "@codymgmt", "listeners": "84", "streams": "122", "date": "Feb 21, 2022", "revenue": 0.73}, "Chilliger Amirap\ud83c\udf41": {"rank": "51", "playlistname": "Chilliger Amirap\ud83c\udf41", "noofsongs": "5 songs", "curator": "Lukas Arnold", "listeners": "84", "streams": "122", "date": "Nov 1, 2021", "revenue": 0.73}, "Bad bitch playlist\ud83d\udc95": {"rank": "52", "playlistname": "Bad bitch playlist\ud83d\udc95", "noofsongs": "Goldie", "curator": "Emma B\u00f8rslien", "listeners": "66", "streams": "89", "date": "Jul 14, 2021", "revenue": 0.53}, "Boom Bap & Wu-Tang & Chill Hop": {"rank": "53", "playlistname": "Boom Bap & Wu-Tang & Chill Hop", "noofsongs": "Goldie", "curator": "Larry Hip-Hop Head", "listeners": "17", "streams": "82", "date": "May 13, 2021", "revenue": 0.49}, "Unknown69": {"rank": "54", "playlistname": "Unknown", "noofsongs": "Goldie", "curator": "clara siberg", "listeners": "46", "streams": "81", "date": "Oct 29, 2021", "revenue": 0.49}, "Dark Night ": {"rank": "55", "playlistname": "Dark Night ", "noofsongs": "Goldie", "curator": "Diego Carballo", "listeners": "70", "streams": "79", "date": "Jan 19, 2022", "revenue": 0.47}, "I got a lil olda, my heart got colder\ud83d\udc94": {"rank": "56", "playlistname": "I got a lil olda, my heart got colder\ud83d\udc94", "noofsongs": "Do It Right", "curator": "@codymgmt", "listeners": "64", "streams": "79", "date": "Feb 21, 2022", "revenue": 0.47}, "tiktok february 2022": {"rank": "57", "playlistname": "tiktok february 2022", "noofsongs": "Street Therapy", "curator": "clauloopezz", "listeners": "58", "streams": "78", "date": "Oct 1, 2021", "revenue": 0.47}, "Big Bootie Mix Vol. 18 ~ Two Friends": {"rank": "58", "playlistname": "Big Bootie Mix Vol. 18 ~ Two Friends", "noofsongs": "Street Therapy", "curator": "ispytunes", "listeners": "61", "streams": "66", "date": "Jul 22, 2021", "revenue": 0.4}, "RUNNING RAP 2022 \ud83e\udd47": {"rank": "59", "playlistname": "RUNNING RAP 2022 \ud83e\udd47", "noofsongs": "2 songs", "curator": "Guillermo Prudenciano Martin", "listeners": "49", "streams": "66", "date": "Jun 2, 2021", "revenue": 0.4}, "Gaming Trap & Rap | Gaming Music 2021 | ": {"rank": "60", "playlistname": "Gaming Trap & Rap | Gaming Music 2021 | ", "noofsongs": "Street Therapy", "curator": "Apg.music", "listeners": "42", "streams": "61", "date": "Jun 21, 2021", "revenue": 0.37}, "STOP FEELING SORRY FOR YOURSELF AND BOSS TF UP": {"rank": "61", "playlistname": "STOP FEELING SORRY FOR YOURSELF AND BOSS TF UP", "noofsongs": "Do It Right", "curator": "Masked Mortal Music", "listeners": "48", "streams": "57", "date": "\u2014", "revenue": 0.34}, "Trap Hit | Rap Hits \u26a1": {"rank": "76", "playlistname": "Trap Hit | Rap Hits \u26a1", "noofsongs": "Street Therapy", "curator": "Sugar Party", "listeners": "19", "streams": "23", "date": "Jun 15, 2021", "revenue": 0.14}, "Rap Vibes 2022 \ud83d\udca4": {"rank": "63", "playlistname": "Rap Vibes 2022 \ud83d\udca4", "noofsongs": "Basquiat (Interlude)", "curator": "Zzz", "listeners": "33", "streams": "51", "date": "Jun 13, 2021", "revenue": 0.31}, "V I B E S \ud83d\udca8": {"rank": "64", "playlistname": "V I B E S \ud83d\udca8", "noofsongs": "Goldie", "curator": "Axel Anakin Abela", "listeners": "33", "streams": "49", "date": "Jul 11, 2021", "revenue": 0.29}, "Hip Hop 90's & 2000's - Classics": {"rank": "65", "playlistname": "Hip Hop 90's & 2000's - Classics", "noofsongs": "4 songs", "curator": "Bruno Braga", "listeners": "11", "streams": "49", "date": "\u2014", "revenue": 0.29}, "HIP HOP WORKOUT \ud83c\udfcb\ufe0f": {"rank": "66", "playlistname": "HIP HOP WORKOUT \ud83c\udfcb\ufe0f", "noofsongs": "3 songs", "curator": "Riki Playlister", "listeners": "21", "streams": "47", "date": "May 25, 2021", "revenue": 0.28}, "low vibe rap": {"rank": "67", "playlistname": "low vibe rap", "noofsongs": "Goldie", "curator": "freshgoodies", "listeners": "31", "streams": "41", "date": "Feb 21, 2022", "revenue": 0.25}, "disrespectful / demon time": {"rank": "68", "playlistname": "disrespectful / demon time", "noofsongs": "Street Therapy", "curator": "Lukas Lainsalu", "listeners": "34", "streams": "40", "date": "Aug 12, 2021", "revenue": 0.24}, "Rap English - Hip Hop 90s & 2000": {"rank": "69", "playlistname": "Rap English - Hip Hop 90s & 2000", "noofsongs": "Do It Right", "curator": "Coweer_Playlist", "listeners": "35", "streams": "38", "date": "Jan 27, 2022", "revenue": 0.23}, "Clean Rap Caviar": {"rank": "70", "playlistname": "Clean Rap Caviar", "noofsongs": "Do It Right", "curator": "1210608982", "listeners": "17", "streams": "31", "date": "Dec 8, 2021", "revenue": 0.19}, "Night Check - Underground Hip Hop": {"rank": "71", "playlistname": "Night Check - Underground Hip Hop", "noofsongs": "Real is Back", "curator": "Vlad Dobrescu", "listeners": "27", "streams": "30", "date": "Jan 17, 2021", "revenue": 0.18}, "HYPED": {"rank": "72", "playlistname": "HYPED", "noofsongs": "2 songs", "curator": "ambertakara", "listeners": "28", "streams": "29", "date": "Jun 23, 2021", "revenue": 0.17}, "hip hopzinho 00s": {"rank": "73", "playlistname": "hip hopzinho 00s", "noofsongs": "Goldie", "curator": "N\u00c3O TENHO ROUPA", "listeners": "22", "streams": "29", "date": "Aug 26, 2021", "revenue": 0.17}, "New Music: Rap, Hip-Hop, Trap, Pop": {"rank": "74", "playlistname": "New Music: Rap, Hip-Hop, Trap, Pop", "noofsongs": "Street Therapy", "curator": "T", "listeners": "17", "streams": "25", "date": "Jul 19, 2021", "revenue": 0.15}, "Hiphop 90\u2019s": {"rank": "75", "playlistname": "Hiphop 90\u2019s", "noofsongs": "2 songs", "curator": "S", "listeners": "7", "streams": "24", "date": "\u2014", "revenue": 0.14}, "POV: You Passed Me The Aux (V.1)": {"rank": "77", "playlistname": "POV: You Passed Me The Aux (V.1)", "noofsongs": "Street Therapy", "curator": "WhoIsTK? (@kingtkmusic)", "listeners": "20", "streams": "21", "date": "Jul 13, 2021", "revenue": 0.13}, "Hits Hop \ud83d\udd25": {"rank": "78", "playlistname": "Hits Hop \ud83d\udd25", "noofsongs": "Street Therapy", "curator": "Thastreams", "listeners": "18", "streams": "19", "date": "Jun 13, 2021", "revenue": 0.11}, "Rap Hits | Trap Trends 2021 \u26a1 | Hip Hop Hits": {"rank": "79", "playlistname": "Rap Hits | Trap Trends 2021 \u26a1 | Hip Hop Hits", "noofsongs": "Street Therapy", "curator": "Other Way Around", "listeners": "11", "streams": "14", "date": "Jun 13, 2021", "revenue": 0.08}, "Chill Rap Curren$y Johnny P's Caddy j Cole Money Man pilot talk 4 Blockchain Larry June premo": {"rank": "80", "playlistname": "Chill Rap Curren$y Johnny P's Caddy j Cole Money Man pilot talk 4 Blockchain Larry June premo", "noofsongs": "3 songs", "curator": "Bigbill_88", "listeners": "5", "streams": "14", "date": "Nov 11, 2021", "revenue": 0.08}, "Gym ": {"rank": "81", "playlistname": "Gym ", "noofsongs": "Street Therapy", "curator": "Jenny Luav", "listeners": "12", "streams": "12", "date": "Dec 6, 2021", "revenue": 0.07}, "minecraft": {"rank": "82", "playlistname": "minecraft", "noofsongs": "Do It Right", "curator": "sarah smorholm", "listeners": "10", "streams": "12", "date": "Dec 11, 2021", "revenue": 0.07}, "GYM LEG DAY": {"rank": "83", "playlistname": "GYM LEG DAY", "noofsongs": "Street Therapy", "curator": "Ximena Soto", "listeners": "8", "streams": "12", "date": "Dec 14, 2021", "revenue": 0.07}, "RAP EN INGL\u00c9S ": {"rank": "84", "playlistname": "RAP EN INGL\u00c9S ", "noofsongs": "Song title not available", "curator": "Tomas Paoli", "listeners": "9", "streams": "11", "date": "\u2014", "revenue": 0.07}, "Bass mix Hip Hop R'n'B": {"rank": "85", "playlistname": "Bass mix Hip Hop R'n'B", "noofsongs": "What Can You Say", "curator": "Mystyk", "listeners": "7", "streams": "11", "date": "Sep 9, 2021", "revenue": 0.07}, "Old School RnB, 90s, 2000s R&B": {"rank": "86", "playlistname": "Old School RnB, 90s, 2000s R&B", "noofsongs": "Goldie", "curator": "karolrodis", "listeners": "6", "streams": "11", "date": "\u2014", "revenue": 0.07}, "FUCK SHIT HARD RAW DISTORTED YELLING SCREAMING MEME TIKTOK NEW TRAP MUSIC \ud83d\ude21": {"rank": "87", "playlistname": "FUCK SHIT HARD RAW DISTORTED YELLING SCREAMING MEME TIKTOK NEW TRAP MUSIC \ud83d\ude21", "noofsongs": "Do It Right", "curator": "OHSAMMY\ud83d\ude0d\ud83d\ude0d", "listeners": "10", "streams": "10", "date": "\u2014", "revenue": 0.06}, "Unknown86": {"rank": "88", "playlistname": "Unknown", "noofsongs": "Goldie", "curator": "Neil Beinert", "listeners": "9", "streams": "10", "date": "Jun 15, 2021", "revenue": 0.06}, "TRAP HOOD | BEST TRAP/RAP MUSIC 2020 [Updated Weekly]": {"rank": "89", "playlistname": "TRAP HOOD | BEST TRAP/RAP MUSIC 2020 [Updated Weekly]", "noofsongs": "Song title not available", "curator": "Lost Identities Studio", "listeners": "9", "streams": "10", "date": "Jun 8, 2021", "revenue": 0.06}, "DEFJAM AND FRIENDS - OLD BUT GOLD - TIKTOK": {"rank": "90", "playlistname": "DEFJAM AND FRIENDS - OLD BUT GOLD - TIKTOK", "noofsongs": "Goldie", "curator": "Adem DefJam", "listeners": "8", "streams": "10", "date": "Dec 14, 2021", "revenue": 0.06}, "Sad Like Bart": {"rank": "91", "playlistname": "Sad Like Bart", "noofsongs": "Do It Right", "curator": "Sad Like", "listeners": "7", "streams": "10", "date": "Feb 23, 2022", "revenue": 0.06}, "HipHop 2022 | Anxiety Coi Leray \u2022 Bussin Nicki Minaj Lil Baby \u2022 Her Sweetie Closer  \u2022 Shenseea Lick ": {"rank": "92", "playlistname": "HipHop 2022 | Anxiety Coi Leray \u2022 Bussin Nicki Minaj Lil Baby \u2022 Her Sweetie Closer  \u2022 Shenseea Lick ", "noofsongs": "Goldie", "curator": "AfrobeatsGlobalPlaylists", "listeners": "8", "streams": "9", "date": "Jun 11, 2021", "revenue": 0.05}, "Chill Songs 2022": {"rank": "93", "playlistname": "Chill Songs 2022", "noofsongs": "Do It Right", "curator": "Vibe Setter", "listeners": "8", "streams": "9", "date": "Feb 23, 2022", "revenue": 0.05}, "PARTY STARTER \ud83d\udca5 | HIP-HOP & RAP ANTHEMS 2022": {"rank": "94", "playlistname": "PARTY STARTER \ud83d\udca5 | HIP-HOP & RAP ANTHEMS 2022", "noofsongs": "Do It Right", "curator": "Playlist Legend", "listeners": "7", "streams": "9", "date": "Feb 22, 2022", "revenue": 0.05}, "work": {"rank": "95", "playlistname": "work", "noofsongs": "Goldie", "curator": "liamjacquesboyle", "listeners": "8", "streams": "8", "date": "Jul 26, 2021", "revenue": 0.05}, "7220 - Lil Durk (ALBUM)": {"rank": "96", "playlistname": "7220 - Lil Durk (ALBUM)", "noofsongs": "Do It Right", "curator": "@RayRadio_", "listeners": "8", "streams": "8", "date": "Feb 15, 2022", "revenue": 0.05}, "Unknown24": {"rank": "97", "playlistname": "Unknown", "noofsongs": "Do It Right", "curator": "The Broken Hero", "listeners": "7", "streams": "7", "date": "Dec 19, 2021", "revenue": 0.04}, "Rap & Hip Hop 2022": {"rank": "98", "playlistname": "Rap & Hip Hop 2022", "noofsongs": "Song title not available", "curator": "Kiraz M\u00fczik", "listeners": "6", "streams": "7", "date": "May 28, 2021", "revenue": 0.04}, "Rap for chilling": {"rank": "99", "playlistname": "Rap for chilling", "noofsongs": "Song title not available", "curator": "Jules", "listeners": "6", "streams": "7", "date": "May 29, 2021", "revenue": 0.04}, "RAP WORKOUT\ud83c\udfa4 \ud83c\udfa7": {"rank": "100", "playlistname": "RAP WORKOUT\ud83c\udfa4 \ud83c\udfa7", "noofsongs": "Song title not available", "curator": "KenzoOnza", "listeners": "6", "streams": "6", "date": "Jun 8, 2021", "revenue": 0.04}}